<?xml version="1.0" encoding="UTF-8" ?>
<collection xmlns="http://www.loc.gov/MARC21/slim"
    xmlns:xsi="http://www.w3.org/2001/XMLSchema-instance"
    xsi:schemaLocation="http://www.loc.gov/MARC21/slim http://www.loc.gov/standards/marcxml/schema/MARC21slim.xsd">
    <record>
        <leader>00866nam a2200229 a 4500</leader>
        <controlfield tag="001">010096200</controlfield>
        <controlfield tag="003">UkOxU</controlfield>
        <controlfield tag="005">19960508225402.0</controlfield>
        <controlfield tag="008">880808s1987    enk           000 0 eng  </controlfield>
        <datafield tag="035" ind1=" " ind2=" ">
            <subfield code="a">oxf98605492</subfield>
        </datafield>
        <datafield tag="035" ind1=" " ind2=" ">
            <subfield code="a">(OCoLC)863326514</subfield>
        </datafield>
        <datafield tag="092" ind1=" " ind2=" ">
            <subfield code="a">D0400191573</subfield>
        </datafield>
        <datafield tag="100" ind1="1" ind2=" ">
            <subfield code="a">Tolkien, J. R. R.</subfield>
            <subfield code="q">(John Ronald Reuel),</subfield>
            <subfield code="d">1892-1973.</subfield>
        </datafield>
        <datafield tag="245" ind1="1" ind2="4">
            <subfield code="a">The lost road :</subfield>
            <subfield code="b">and other writings ; Language and legend before 'The lord of the rings /</subfield>
            <subfield code="c">J. R. R. Tolkien ; ed. by Christopher Tolkien</subfield>
        </datafield>
        <datafield tag="250" ind1=" " ind2=" ">
            <subfield code="a">Book Club ed.</subfield>
        </datafield>
        <datafield tag="260" ind1=" " ind2=" ">
            <subfield code="a">London :</subfield>
            <subfield code="b">Guild,</subfield>
            <subfield code="c">1987</subfield>
        </datafield>
        <datafield tag="300" ind1=" " ind2=" ">
            <subfield code="a">455 p. :</subfield>
            <subfield code="b">maps ;</subfield>
            <subfield code="c">23 cm</subfield>
        </datafield>
        <datafield tag="505" ind1="0" ind2=" ">
            <subfield code="a">Part One : The Fall of Numenor and The lost road -- Part Two : Valinor and Middle Earth before The lord of the rings -- The entomologies</subfield>
        </datafield>
        <datafield tag="650" ind1=" " ind2="0">
            <subfield code="a">Mythology</subfield>
        </datafield>
        <datafield tag="650" ind1=" " ind2="4">
            <subfield code="a">Legends</subfield>
        </datafield>
        <datafield tag="700" ind1="1" ind2=" ">
            <subfield code="a">Tolkien, Christopher.</subfield>
        </datafield>
        <datafield tag="852" ind1="0" ind2=" ">
            <subfield code="a">UkOxU</subfield>
            <subfield code="b">EFLBL</subfield>
            <subfield code="h">PR6039.O32 L63743</subfield>
            <subfield code="i">TOL 1987</subfield>
        </datafield>
    </record>