
    <record>
        <leader>00979nam a2200277 a 4500</leader>
        <controlfield tag="001">010227988</controlfield>
        <controlfield tag="003">UkOxU</controlfield>
        <controlfield tag="005">19980424092901.0</controlfield>
        <controlfield tag="008">891108s1989    enkab         001 1 eng d</controlfield>
        <datafield tag="015" ind1=" " ind2=" ">
            <subfield code="a">GB-8934815</subfield>
        </datafield>
        <datafield tag="020" ind1=" " ind2=" ">
            <subfield code="a">0044403968</subfield>
        </datafield>
        <datafield tag="035" ind1=" " ind2=" ">
            <subfield code="a">(OCoLC)425264562</subfield>
        </datafield>
        <datafield tag="050" ind1="0" ind2="0">
            <subfield code="a">PR6039.O32</subfield>
            <subfield code="b">L6375 1989b</subfield>
        </datafield>
        <datafield tag="082" ind1=" " ind2=" ">
            <subfield code="a">823/.912</subfield>
            <subfield code="2">19 F</subfield>
        </datafield>
        <datafield tag="092" ind1=" " ind2=" ">
            <subfield code="a">D0400512556</subfield>
        </datafield>
        <datafield tag="100" ind1="1" ind2=" ">
            <subfield code="a">Tolkien, J. R. R.</subfield>
            <subfield code="q">(John Ronald Reuel),</subfield>
            <subfield code="d">1892-1973.</subfield>
        </datafield>
        <datafield tag="245" ind1="1" ind2="4">
            <subfield code="a">The treason of Isengard :</subfield>
            <subfield code="b">the history of the Lord of the Rings, part two /</subfield>
            <subfield code="c">J.R.R. Tolkien ; [edited by] Christopher Tolkien</subfield>
        </datafield>
        <datafield tag="260" ind1=" " ind2=" ">
            <subfield code="a">London :</subfield>
            <subfield code="b">Unwin Hyman,</subfield>
            <subfield code="c">1989</subfield>
        </datafield>
        <datafield tag="300" ind1=" " ind2=" ">
            <subfield code="a">504 p. :</subfield>
            <subfield code="b">ill., maps ;</subfield>
            <subfield code="c">23 cm</subfield>
        </datafield>
        <datafield tag="504" ind1=" " ind2=" ">
            <subfield code="a">Includes index</subfield>
        </datafield>
        <datafield tag="650" ind1=" " ind2="0">
            <subfield code="a">Middle Earth (Imaginary place)</subfield>
        </datafield>
        <datafield tag="650" ind1=" " ind2="0">
            <subfield code="a">Fantasy literature, English</subfield>
        </datafield>
        <datafield tag="700" ind1="1" ind2=" ">
            <subfield code="a">Tolkien, Christopher.</subfield>
        </datafield>
        <datafield tag="800" ind1="1" ind2=" ">
            <subfield code="a">Tolkien, Christopher.</subfield>
            <subfield code="t">History of Middle-Earth ;</subfield>
            <subfield code="v">7</subfield>
        </datafield>
        <datafield tag="852" ind1="8" ind2=" ">
            <subfield code="a">UkOxU</subfield>
            <subfield code="b">BODBL</subfield>
            <subfield code="c">WESO6</subfield>
            <subfield code="h">X.11.100/TOLKIEN 8/7</subfield>
        </datafield>
        <datafield tag="852" ind1="0" ind2=" ">
            <subfield code="a">UkOxU</subfield>
            <subfield code="b">EFLBL</subfield>
            <subfield code="h">PR6039.O32 L63743</subfield>
            <subfield code="i">TOL 1989</subfield>
        </datafield>
    </record>