
    <record>
        <leader>01477nam a2200385 a 4500</leader>
        <controlfield tag="001">010255126</controlfield>
        <controlfield tag="003">UkOxU</controlfield>
        <controlfield tag="005">19960510135410.0</controlfield>
        <controlfield tag="008">900410s1977    dk bj         000 1 dan d</controlfield>
        <datafield tag="020" ind1=" " ind2=" ">
            <subfield code="a">8755305326 (v. 1)</subfield>
        </datafield>
        <datafield tag="020" ind1=" " ind2=" ">
            <subfield code="a">8755305334 (v. 2)</subfield>
        </datafield>
        <datafield tag="020" ind1=" " ind2=" ">
            <subfield code="a">8755305342 (v. 3)</subfield>
        </datafield>
        <datafield tag="020" ind1=" " ind2=" ">
            <subfield code="a">8755305504 (set)</subfield>
        </datafield>
        <datafield tag="035" ind1=" " ind2=" ">
            <subfield code="a">OCLC 19830104 from bro080</subfield>
        </datafield>
        <datafield tag="035" ind1=" " ind2=" ">
            <subfield code="a">(HOL)ACC1373-3/hou/1</subfield>
        </datafield>
        <datafield tag="040" ind1=" " ind2=" ">
            <subfield code="a">HHG</subfield>
            <subfield code="c">HHG</subfield>
        </datafield>
        <datafield tag="041" ind1="1" ind2=" ">
            <subfield code="a">dan</subfield>
            <subfield code="h">eng</subfield>
        </datafield>
        <datafield tag="092" ind1=" " ind2=" ">
            <subfield code="a">D0400569644</subfield>
        </datafield>
        <datafield tag="100" ind1="1" ind2=" ">
            <subfield code="a">Tolkien, J. R. R.</subfield>
            <subfield code="q">(John Ronald Reuel),</subfield>
            <subfield code="d">1892-1973.</subfield>
        </datafield>
        <datafield tag="240" ind1="1" ind2="0">
            <subfield code="a">Lord of the rings.</subfield>
            <subfield code="l">Danish</subfield>
        </datafield>
        <datafield tag="245" ind1="1" ind2="0">
            <subfield code="a">Ringenes herre /</subfield>
            <subfield code="c">J.R.R. Tolkien ; med illustrationer af Ingahild Grathmer, gengivet af Eric Fraser ; på dansk ved Ida Nyrop Ludvigsen</subfield>
        </datafield>
        <datafield tag="260" ind1=" " ind2=" ">
            <subfield code="a">København :</subfield>
            <subfield code="b">Forum,</subfield>
            <subfield code="c">1977</subfield>
        </datafield>
        <datafield tag="300" ind1=" " ind2=" ">
            <subfield code="a">3 v. :</subfield>
            <subfield code="b">ill., maps, geneal. tables ;</subfield>
            <subfield code="c">25 cm</subfield>
        </datafield>
        <datafield tag="500" ind1=" " ind2=" ">
            <subfield code="a">Edition of 1500 numbered copies</subfield>
        </datafield>
        <datafield tag="500" ind1=" " ind2=" ">
            <subfield code="a">Issued in slipcase</subfield>
        </datafield>
        <datafield tag="500" ind1=" " ind2=" ">
            <subfield code="a">Maps on lining papers</subfield>
        </datafield>
        <datafield tag="500" ind1=" " ind2=" ">
            <subfield code="a">Published simultaneously in English with imprint: London : Folio Society, 1977</subfield>
        </datafield>
        <datafield tag="500" ind1=" " ind2=" ">
            <subfield code="a">Translation of: The lord of the rings</subfield>
        </datafield>
        <datafield tag="505" ind1="0" ind2=" ">
            <subfield code="a">(from t.p.'s) 1. d. Eventyret om ringen -- 2. d. De to tårne --3. d. Kongen vender tilbage</subfield>
        </datafield>
        <datafield tag="700" ind1="0" ind2=" ">
            <subfield code="a">Margrethe</subfield>
            <subfield code="b">II,</subfield>
            <subfield code="c">Queen of Denmark,</subfield>
            <subfield code="d">1940-</subfield>
        </datafield>
        <datafield tag="700" ind1="1" ind2=" ">
            <subfield code="a">Fraser, Eric,</subfield>
            <subfield code="d">1902-1983.</subfield>
        </datafield>
        <datafield tag="700" ind1="1" ind2=" ">
            <subfield code="a">Ludvigsen, Ida Nyrop.</subfield>
        </datafield>
        <datafield tag="852" ind1="8" ind2=" ">
            <subfield code="a">UkOxU</subfield>
            <subfield code="b">BODBL</subfield>
            <subfield code="h">Arch. H d.41</subfield>
            <subfield code="m">(del 1)</subfield>
        </datafield>
        <datafield tag="852" ind1="8" ind2=" ">
            <subfield code="a">UkOxU</subfield>
            <subfield code="b">BODBL</subfield>
            <subfield code="h">Arch. H d.41</subfield>
            <subfield code="m">(del 2)</subfield>
        </datafield>
        <datafield tag="852" ind1="8" ind2=" ">
            <subfield code="a">UkOxU</subfield>
            <subfield code="b">BODBL</subfield>
            <subfield code="h">Arch. H d.41</subfield>
            <subfield code="m">(del 3)</subfield>
        </datafield>
    </record>