
    <record>
        <leader>00820nam a2200241   4500</leader>
        <controlfield tag="001">010375147</controlfield>
        <controlfield tag="003">UkOxU</controlfield>
        <controlfield tag="005">19991006150253.0</controlfield>
        <controlfield tag="008">900321s1987    enk           000 0 eng d</controlfield>
        <datafield tag="015" ind1=" " ind2=" ">
            <subfield code="a">GB-9022496</subfield>
        </datafield>
        <datafield tag="022" ind1=" " ind2=" ">
            <subfield code="a">0143-0610</subfield>
        </datafield>
        <datafield tag="035" ind1=" " ind2=" ">
            <subfield code="a">b9022496</subfield>
        </datafield>
        <datafield tag="050" ind1=" " ind2="0">
            <subfield code="a">PR6037.A95Z/</subfield>
        </datafield>
        <datafield tag="082" ind1=" " ind2=" ">
            <subfield code="a">823.912</subfield>
            <subfield code="2">20</subfield>
        </datafield>
        <datafield tag="092" ind1=" " ind2=" ">
            <subfield code="a">D0400724753</subfield>
        </datafield>
        <datafield tag="100" ind1="1" ind2=" ">
            <subfield code="a">Lee, Geoffrey Alan.</subfield>
        </datafield>
        <datafield tag="245" ind1="1" ind2="0">
            <subfield code="a">Lord Peter rings the changes :</subfield>
            <subfield code="b">a study of change ringing in The nine taillors /</subfield>
            <subfield code="c">by Geoffrey Alan Lee</subfield>
        </datafield>
        <datafield tag="260" ind1=" " ind2=" ">
            <subfield code="a">Hurstpierpoint :</subfield>
            <subfield code="b">Dorothy L. Sayers Historical and Literary Society,</subfield>
            <subfield code="c">1987</subfield>
        </datafield>
        <datafield tag="300" ind1=" " ind2=" ">
            <subfield code="a">45 p ;</subfield>
            <subfield code="c">29 cm</subfield>
        </datafield>
        <datafield tag="600" ind1="1" ind2="0">
            <subfield code="a">Sayers, Dorothy L.</subfield>
            <subfield code="q">(Dorothy Leigh),</subfield>
            <subfield code="d">1893-1957.</subfield>
        </datafield>
        <datafield tag="650" ind1=" " ind2="0">
            <subfield code="a">Novelists, English</subfield>
            <subfield code="y">20th century</subfield>
            <subfield code="v">Biography</subfield>
        </datafield>
        <datafield tag="710" ind1="2" ind2=" ">
            <subfield code="a">Dorothy L. Sayers Historical and Literary Society.</subfield>
        </datafield>
        <datafield tag="852" ind1="8" ind2=" ">
            <subfield code="a">UkOxU</subfield>
            <subfield code="b">BODBL</subfield>
            <subfield code="h">M90.C03566</subfield>
        </datafield>
    </record>