
    <record>
        <leader>00648nam a2200205 a 4500</leader>
        <controlfield tag="001">010468027</controlfield>
        <controlfield tag="003">UkOxU</controlfield>
        <controlfield tag="005">19960512212614.0</controlfield>
        <controlfield tag="008">910924r19911968enkabj        000 1 eng d</controlfield>
        <datafield tag="015" ind1=" " ind2=" ">
            <subfield code="a">GB 91-56184</subfield>
        </datafield>
        <datafield tag="020" ind1=" " ind2=" ">
            <subfield code="a">0261102435</subfield>
        </datafield>
        <datafield tag="082" ind1=" " ind2=" ">
            <subfield code="a">823.912</subfield>
            <subfield code="d">F</subfield>
            <subfield code="2">20</subfield>
        </datafield>
        <datafield tag="092" ind1=" " ind2=" ">
            <subfield code="a">D0400906589</subfield>
        </datafield>
        <datafield tag="100" ind1="1" ind2=" ">
            <subfield code="a">Tolkien, J. R. R.</subfield>
            <subfield code="q">(John Ronald Reuel),</subfield>
            <subfield code="d">1892-1973.</subfield>
        </datafield>
        <datafield tag="245" ind1="1" ind2="4">
            <subfield code="a">The Lord of the rings</subfield>
        </datafield>
        <datafield tag="260" ind1=" " ind2=" ">
            <subfield code="a">London :</subfield>
            <subfield code="b">Grafton,</subfield>
            <subfield code="c">1991, c1966</subfield>
        </datafield>
        <datafield tag="300" ind1=" " ind2=" ">
            <subfield code="a">1193 p :</subfield>
            <subfield code="b">ill, maps, geneal. table ;</subfield>
            <subfield code="c">20 cm</subfield>
        </datafield>
        <datafield tag="500" ind1=" " ind2=" ">
            <subfield code="a">'Complete with Index and full appendices' - t.p.</subfield>
        </datafield>
        <datafield tag="500" ind1=" " ind2=" ">
            <subfield code="a">Originally published: London: Allen &amp; Unwin, 1968</subfield>
        </datafield>
        <datafield tag="852" ind1="8" ind2=" ">
            <subfield code="a">UkOxU</subfield>
            <subfield code="b">BODBL</subfield>
            <subfield code="h">M92.G03247</subfield>
        </datafield>
    </record>