
    <record>
        <leader>00807nam a2200193 a 4500</leader>
        <controlfield tag="001">010500772</controlfield>
        <controlfield tag="003">UkOxU</controlfield>
        <controlfield tag="005">19960513052415.0</controlfield>
        <controlfield tag="008">911024r19891987enk           000 0 eng d</controlfield>
        <datafield tag="020" ind1=" " ind2=" ">
            <subfield code="a">0044403984</subfield>
        </datafield>
        <datafield tag="035" ind1=" " ind2=" ">
            <subfield code="a">oxf98605492</subfield>
        </datafield>
        <datafield tag="092" ind1=" " ind2=" ">
            <subfield code="a">D0401000192</subfield>
        </datafield>
        <datafield tag="100" ind1="1" ind2=" ">
            <subfield code="a">Tolkien, J. R. R.</subfield>
            <subfield code="q">(John Ronald Reuel),</subfield>
            <subfield code="d">1892-1973.</subfield>
        </datafield>
        <datafield tag="245" ind1="1" ind2="4">
            <subfield code="a">The lost road and other writings :</subfield>
            <subfield code="b">language and legend before 'The Lord of the Rings' /</subfield>
            <subfield code="c">J.R.R. Tolkien ; edited by Christopher Tolkien</subfield>
        </datafield>
        <datafield tag="260" ind1=" " ind2=" ">
            <subfield code="a">London :</subfield>
            <subfield code="b">Unwin Paperbacks,</subfield>
            <subfield code="c">1989</subfield>
        </datafield>
        <datafield tag="300" ind1=" " ind2=" ">
            <subfield code="a">455 p. :</subfield>
            <subfield code="b">maps ;</subfield>
            <subfield code="c">20 cm</subfield>
        </datafield>
        <datafield tag="505" ind1="0" ind2=" ">
            <subfield code="a">Part one : The Fall of Numenor and The lost road -- Part two : Valinor and Middle Earth before The lord of the rings -- Part three : The etymologies</subfield>
        </datafield>
        <datafield tag="700" ind1="1" ind2=" ">
            <subfield code="a">Tolkien, Christopher.</subfield>
        </datafield>
        <datafield tag="852" ind1="8" ind2=" ">
            <subfield code="a">UkOxU</subfield>
            <subfield code="b">BODBL</subfield>
            <subfield code="h">X92.G00149</subfield>
            <subfield code="m">(Box B000000002018)</subfield>
        </datafield>
    </record>