
    <record>
        <leader>01043nam a2200277 a 4500</leader>
        <controlfield tag="001">010601388</controlfield>
        <controlfield tag="003">UkOxU</controlfield>
        <controlfield tag="005">19960515151009.0</controlfield>
        <controlfield tag="008">920716r19921990enkab         001 1 eng d</controlfield>
        <datafield tag="020" ind1=" " ind2=" ">
            <subfield code="a">0261102230 (pbk)</subfield>
        </datafield>
        <datafield tag="043" ind1=" " ind2=" ">
            <subfield code="a">e-uk-en</subfield>
        </datafield>
        <datafield tag="050" ind1=" " ind2="0">
            <subfield code="a">PR6039.O32Z/</subfield>
        </datafield>
        <datafield tag="082" ind1=" " ind2=" ">
            <subfield code="a">823.912</subfield>
            <subfield code="d">F</subfield>
            <subfield code="2">20</subfield>
        </datafield>
        <datafield tag="092" ind1=" " ind2=" ">
            <subfield code="a">D0401217999</subfield>
        </datafield>
        <datafield tag="100" ind1="1" ind2=" ">
            <subfield code="a">Tolkien, J. R. R.</subfield>
            <subfield code="q">(John Ronald Reuel),</subfield>
            <subfield code="d">1892-1973.</subfield>
        </datafield>
        <datafield tag="245" ind1="1" ind2="4">
            <subfield code="a">The war of the ring :</subfield>
            <subfield code="b">the history of the Lord of the Rings, part three /</subfield>
            <subfield code="c">J. R. R. Tolkien ; edited by Christopher Tolkien</subfield>
        </datafield>
        <datafield tag="260" ind1=" " ind2=" ">
            <subfield code="a">London :</subfield>
            <subfield code="b">Grafton,</subfield>
            <subfield code="c">1992</subfield>
        </datafield>
        <datafield tag="300" ind1=" " ind2=" ">
            <subfield code="a">xi, 476 p :</subfield>
            <subfield code="b">ill, maps ;</subfield>
            <subfield code="c">20 cm</subfield>
        </datafield>
        <datafield tag="500" ind1=" " ind2=" ">
            <subfield code="a">Originally published: London, Unwin Hyman, 1990</subfield>
        </datafield>
        <datafield tag="504" ind1=" " ind2=" ">
            <subfield code="a">Includes index</subfield>
        </datafield>
        <datafield tag="600" ind1="1" ind2="0">
            <subfield code="a">Tolkien, J. R. R.</subfield>
            <subfield code="q">(John Ronald Reuel),</subfield>
            <subfield code="d">1892-1973.</subfield>
            <subfield code="t">Lord of the rings.</subfield>
        </datafield>
        <datafield tag="650" ind1=" " ind2="0">
            <subfield code="a">Middle Earth (Imaginary place)</subfield>
        </datafield>
        <datafield tag="700" ind1="1" ind2=" ">
            <subfield code="a">Tolkien, Christopher.</subfield>
        </datafield>
        <datafield tag="800" ind1="1" ind2=" ">
            <subfield code="a">Tolkien, Christopher.</subfield>
            <subfield code="t">History of Middle-Earth ;</subfield>
            <subfield code="v">vol. 8</subfield>
        </datafield>
        <datafield tag="852" ind1="8" ind2=" ">
            <subfield code="a">UkOxU</subfield>
            <subfield code="b">BODBL</subfield>
            <subfield code="c">BODGL</subfield>
            <subfield code="k">(UBHU)</subfield>
            <subfield code="h">M92.G02561</subfield>
        </datafield>
        <datafield tag="852" ind1="8" ind2=" ">
            <subfield code="a">UkOxU</subfield>
            <subfield code="b">ANNCL</subfield>
            <subfield code="c">ANNHH</subfield>
            <subfield code="h">823.51 TOL:His (8)</subfield>
        </datafield>
    </record>