
    <record>
        <leader>00965nam a2200241 a 4500</leader>
        <controlfield tag="001">010790128</controlfield>
        <controlfield tag="003">UkOxU</controlfield>
        <controlfield tag="005">19960520124018.0</controlfield>
        <controlfield tag="008">930608r19921987enk           001 1 eng d</controlfield>
        <datafield tag="020" ind1=" " ind2=" ">
            <subfield code="a">0261102257 (pbk)</subfield>
        </datafield>
        <datafield tag="092" ind1=" " ind2=" ">
            <subfield code="a">D0501115424</subfield>
        </datafield>
        <datafield tag="100" ind1="1" ind2=" ">
            <subfield code="a">Tolkien, J. R. R.</subfield>
            <subfield code="q">(John Ronald Reuel),</subfield>
            <subfield code="d">1892-1973.</subfield>
        </datafield>
        <datafield tag="245" ind1="1" ind2="4">
            <subfield code="a">The lost road and other writings :</subfield>
            <subfield code="b">language and legend before 'The Lord of the Rings' /</subfield>
            <subfield code="c">J. R. R. Tolkien ; edited by Christopher Tolkien</subfield>
        </datafield>
        <datafield tag="260" ind1=" " ind2=" ">
            <subfield code="a">London :</subfield>
            <subfield code="b">Grafton,</subfield>
            <subfield code="c">1992</subfield>
        </datafield>
        <datafield tag="300" ind1=" " ind2=" ">
            <subfield code="a">vi, 455 p. :</subfield>
            <subfield code="b">ill. ;</subfield>
            <subfield code="c">20 cm</subfield>
        </datafield>
        <datafield tag="500" ind1=" " ind2=" ">
            <subfield code="a">First published in Great Britain by Unwin Hyman Ltd, 1987</subfield>
        </datafield>
        <datafield tag="500" ind1=" " ind2=" ">
            <subfield code="a">Includes index</subfield>
        </datafield>
        <datafield tag="600" ind1="1" ind2="0">
            <subfield code="a">Tolkien, J. R. R.</subfield>
            <subfield code="q">(John Ronald Reuel),</subfield>
            <subfield code="d">1892-1973.</subfield>
            <subfield code="t">Lord of the rings.</subfield>
        </datafield>
        <datafield tag="650" ind1=" " ind2="0">
            <subfield code="a">Middle Earth (Imaginary place)</subfield>
        </datafield>
        <datafield tag="700" ind1="1" ind2=" ">
            <subfield code="a">Tolkien, Christopher.</subfield>
        </datafield>
        <datafield tag="800" ind1="1" ind2=" ">
            <subfield code="a">Tolkien, Christopher.</subfield>
            <subfield code="t">History of Middle-Earth ;</subfield>
            <subfield code="v">vol. 5</subfield>
        </datafield>
        <datafield tag="852" ind1="8" ind2=" ">
            <subfield code="a">UkOxU</subfield>
            <subfield code="b">ANNCL</subfield>
            <subfield code="c">ANNHH</subfield>
            <subfield code="h">823.51 TOL:His (5)</subfield>
        </datafield>
        <datafield tag="852" ind1="8" ind2=" ">
            <subfield code="a">UkOxU</subfield>
            <subfield code="b">BODBL</subfield>
            <subfield code="h">M94.G02901</subfield>
        </datafield>
    </record>