
    <record>
        <leader>01000nam a2200265 a 4500</leader>
        <controlfield tag="001">011017189</controlfield>
        <controlfield tag="003">UkOxU</controlfield>
        <controlfield tag="005">19960529145043.0</controlfield>
        <controlfield tag="008">940704s1992    ru a          000 1 rus d</controlfield>
        <datafield tag="020" ind1=" " ind2=" ">
            <subfield code="a">5835200307</subfield>
        </datafield>
        <datafield tag="035" ind1=" " ind2=" ">
            <subfield code="a">OCLC 25355071 from ago180</subfield>
        </datafield>
        <datafield tag="040" ind1=" " ind2=" ">
            <subfield code="a">ZQP</subfield>
            <subfield code="c">ZQP</subfield>
        </datafield>
        <datafield tag="041" ind1="1" ind2=" ">
            <subfield code="a">rus</subfield>
            <subfield code="h">eng</subfield>
        </datafield>
        <datafield tag="092" ind1=" " ind2=" ">
            <subfield code="a">D0501730601</subfield>
        </datafield>
        <datafield tag="100" ind1="1" ind2=" ">
            <subfield code="a">Tolkien, J. R. R.</subfield>
            <subfield code="q">(John Ronald Reuel),</subfield>
            <subfield code="d">1892-1973.</subfield>
        </datafield>
        <datafield tag="240" ind1="1" ind2="0">
            <subfield code="a">Two towers.</subfield>
            <subfield code="l">Russian</subfield>
        </datafield>
        <datafield tag="245" ind1="1" ind2="0">
            <subfield code="a">Dve kreposti :</subfield>
            <subfield code="b">vtorai͡a chast &quot;Vlastelina kolet͡s&quot; /</subfield>
            <subfield code="c">Dzhon Ronalʹd Ruėl Tolkin ; perevod s angl. N. Grigorʹevoĭ, V. Grushet͡skogo</subfield>
        </datafield>
        <datafield tag="260" ind1=" " ind2=" ">
            <subfield code="a">Sankt-Peterburg :</subfield>
            <subfield code="b">&quot;Severo-Zapad&quot;,</subfield>
            <subfield code="c">1992</subfield>
        </datafield>
        <datafield tag="300" ind1=" " ind2=" ">
            <subfield code="a">350 p. :</subfield>
            <subfield code="b">ill. ;</subfield>
            <subfield code="c">21 cm</subfield>
        </datafield>
        <datafield tag="500" ind1=" " ind2=" ">
            <subfield code="a">Added t.p. in English</subfield>
        </datafield>
        <datafield tag="500" ind1=" " ind2=" ">
            <subfield code="a">Translation of: The two towers, George Allen &amp; Unwin, London, 1954</subfield>
        </datafield>
        <datafield tag="500" ind1=" " ind2=" ">
            <subfield code="a">Also available in slip case</subfield>
        </datafield>
        <datafield tag="740" ind1="0" ind2=" ">
            <subfield code="a">Vlastelin kolet͡s</subfield>
        </datafield>
        <datafield tag="800" ind1="1" ind2=" ">
            <subfield code="a">Tolkien, J. R. R.</subfield>
            <subfield code="q">(John Ronald Reuel),</subfield>
            <subfield code="d">1892-1973.</subfield>
            <subfield code="t">Lord of the rings.</subfield>
            <subfield code="l">Russian ;</subfield>
            <subfield code="v">vol. 2</subfield>
        </datafield>
        <datafield tag="852" ind1="8" ind2=" ">
            <subfield code="a">UkOxU</subfield>
            <subfield code="b">BODBL</subfield>
            <subfield code="h">M94.G02834</subfield>
        </datafield>
    </record>