
    <record>
        <leader>00888nam a22002532a 4500</leader>
        <controlfield tag="001">011060647</controlfield>
        <controlfield tag="003">UkOxU</controlfield>
        <controlfield tag="005">19960530113148.0</controlfield>
        <controlfield tag="008">500101s1969    nyu           000 0 eng d</controlfield>
        <datafield tag="035" ind1=" " ind2=" ">
            <subfield code="a">OCLC ocm00617586 from D940920M</subfield>
        </datafield>
        <datafield tag="040" ind1=" " ind2=" ">
            <subfield code="a">PCJ</subfield>
            <subfield code="c">PCJ</subfield>
            <subfield code="d">OCL</subfield>
            <subfield code="d">PIT</subfield>
            <subfield code="d">EQO</subfield>
        </datafield>
        <datafield tag="090" ind1=" " ind2=" ">
            <subfield code="a">PS3552.E158</subfield>
            <subfield code="b">B6 1969</subfield>
        </datafield>
        <datafield tag="092" ind1=" " ind2=" ">
            <subfield code="a">D0501888635</subfield>
        </datafield>
        <datafield tag="100" ind1="1" ind2=" ">
            <subfield code="a">Beard, Henry.</subfield>
        </datafield>
        <datafield tag="245" ind1="1" ind2="0">
            <subfield code="a">Bored of the rings :</subfield>
            <subfield code="b">a parody of J. R. R. Tolkien's The Lord of the rings /</subfield>
            <subfield code="c">by Henry N. Beard and Douglas C. Kenney of the Harvard Lampoon</subfield>
        </datafield>
        <datafield tag="260" ind1=" " ind2=" ">
            <subfield code="a">New York :</subfield>
            <subfield code="b">New American Library,</subfield>
            <subfield code="c">c1969</subfield>
        </datafield>
        <datafield tag="300" ind1=" " ind2=" ">
            <subfield code="a">xxi, 160 p. ;</subfield>
            <subfield code="c">18 cm</subfield>
        </datafield>
        <datafield tag="500" ind1=" " ind2=" ">
            <subfield code="a">&quot;A Signet Book&quot;</subfield>
        </datafield>
        <datafield tag="500" ind1=" " ind2=" ">
            <subfield code="a">The Harvard Lampoon</subfield>
        </datafield>
        <datafield tag="600" ind1="1" ind2="0">
            <subfield code="a">Tolkien, J. R. R.</subfield>
            <subfield code="q">(John Ronald Reuel),</subfield>
            <subfield code="d">1892-1973</subfield>
            <subfield code="x">Parodies, imitations, etc.</subfield>
        </datafield>
        <datafield tag="650" ind1=" " ind2="0">
            <subfield code="a">Satire, American</subfield>
        </datafield>
        <datafield tag="700" ind1="1" ind2=" ">
            <subfield code="a">Kenney, Douglas C.</subfield>
        </datafield>
        <datafield tag="730" ind1="0" ind2=" ">
            <subfield code="a">Harvard Lampoon</subfield>
        </datafield>
        <datafield tag="852" ind1="8" ind2=" ">
            <subfield code="a">UkOxU</subfield>
            <subfield code="b">BODBL</subfield>
            <subfield code="h">25616 e.16199</subfield>
        </datafield>
    </record>