
    <record>
        <leader>00599nam a2200181 a 4500</leader>
        <controlfield tag="001">011368776</controlfield>
        <controlfield tag="003">UkOxU</controlfield>
        <controlfield tag="005">20110706233628.0</controlfield>
        <controlfield tag="008">950607s1979    enkabfh       000 1 eng d</controlfield>
        <datafield tag="092" ind1=" " ind2=" ">
            <subfield code="a">D0502612884</subfield>
        </datafield>
        <datafield tag="100" ind1="1" ind2=" ">
            <subfield code="a">Tolkien, J. R. R.</subfield>
            <subfield code="q">(John Ronald Reuel),</subfield>
            <subfield code="d">1892-1973.</subfield>
        </datafield>
        <datafield tag="245" ind1="1" ind2="4">
            <subfield code="a">The return of the king :</subfield>
            <subfield code="b">being the third part of The lord of the rings /</subfield>
            <subfield code="c">J.R.R. Tolkien.</subfield>
        </datafield>
        <datafield tag="250" ind1=" " ind2=" ">
            <subfield code="a">3rd ed.</subfield>
        </datafield>
        <datafield tag="260" ind1=" " ind2=" ">
            <subfield code="a">London :</subfield>
            <subfield code="b">George Allen &amp; Unwin,</subfield>
            <subfield code="c">1979.</subfield>
        </datafield>
        <datafield tag="300" ind1=" " ind2=" ">
            <subfield code="a">556 p. :</subfield>
            <subfield code="b">ill., maps, table, diagrs. ;</subfield>
            <subfield code="c">18 cm.</subfield>
        </datafield>
        <datafield tag="490" ind1="1" ind2=" ">
            <subfield code="a">Unwin paperbacks</subfield>
        </datafield>
        <datafield tag="830" ind1=" " ind2="0">
            <subfield code="a">Unwin paperbacks</subfield>
        </datafield>
        <datafield tag="852" ind1="8" ind2=" ">
            <subfield code="a">UkOxU</subfield>
            <subfield code="b">TRICL</subfield>
            <subfield code="h">NK 1684/3</subfield>
        </datafield>
    </record>