
    <record>
        <leader>00431nam a22001573a 4500</leader>
        <controlfield tag="001">011398314</controlfield>
        <controlfield tag="003">UkOxU</controlfield>
        <controlfield tag="005">19960604131835.0</controlfield>
        <controlfield tag="008">500101s1972    xx            000 0 und d</controlfield>
        <datafield tag="035" ind1=" " ind2=" ">
            <subfield code="a">OCLC pks02857881 from D950622K</subfield>
        </datafield>
        <datafield tag="040" ind1=" " ind2=" ">
            <subfield code="a">EQO</subfield>
            <subfield code="c">EQO</subfield>
        </datafield>
        <datafield tag="092" ind1=" " ind2=" ">
            <subfield code="a">D0502681084</subfield>
        </datafield>
        <datafield tag="100" ind1="1" ind2=" ">
            <subfield code="a">Carter, Lin.</subfield>
        </datafield>
        <datafield tag="245" ind1="1" ind2="0">
            <subfield code="a">Tolkien :</subfield>
            <subfield code="b">a look behind 'The lord of the rings'</subfield>
        </datafield>
        <datafield tag="260" ind1=" " ind2=" ">
            <subfield code="a">New York,</subfield>
            <subfield code="c">1972</subfield>
        </datafield>
        <datafield tag="852" ind1="8" ind2=" ">
            <subfield code="a">UkOxU</subfield>
            <subfield code="b">BODBL</subfield>
            <subfield code="c">BODGL</subfield>
            <subfield code="k">(UBHU)</subfield>
            <subfield code="h">2569 e.2118</subfield>
        </datafield>
    </record>