
    <record>
        <leader>00645nam a22001932a 4500</leader>
        <controlfield tag="001">011982215</controlfield>
        <controlfield tag="003">UkOxU</controlfield>
        <controlfield tag="005">19960621142211.0</controlfield>
        <controlfield tag="008">500101s1973    mdua          000 0 eng d</controlfield>
        <datafield tag="035" ind1=" " ind2=" ">
            <subfield code="a">OCLC ocm01242807 from D960612M</subfield>
        </datafield>
        <datafield tag="040" ind1=" " ind2=" ">
            <subfield code="a">GUA</subfield>
            <subfield code="c">GUA</subfield>
            <subfield code="d">XBM</subfield>
            <subfield code="d">EQO</subfield>
        </datafield>
        <datafield tag="090" ind1=" " ind2=" ">
            <subfield code="a">PR6039.O32</subfield>
            <subfield code="b">L64</subfield>
        </datafield>
        <datafield tag="092" ind1=" " ind2=" ">
            <subfield code="a">D0504063048</subfield>
        </datafield>
        <datafield tag="100" ind1="1" ind2=" ">
            <subfield code="a">Miesel, Sandra,</subfield>
            <subfield code="d">1941-</subfield>
        </datafield>
        <datafield tag="245" ind1="1" ind2="0">
            <subfield code="a">Myth, symbol and religion in The lord of the rings. /</subfield>
            <subfield code="c">Illustrated by Judith Weiss</subfield>
        </datafield>
        <datafield tag="260" ind1=" " ind2=" ">
            <subfield code="a">[Baltimore] :</subfield>
            <subfield code="b">T-K Graphics,</subfield>
            <subfield code="c">1973</subfield>
        </datafield>
        <datafield tag="300" ind1=" " ind2=" ">
            <subfield code="a">71 p.</subfield>
            <subfield code="b">illus.</subfield>
            <subfield code="c">22cm</subfield>
        </datafield>
        <datafield tag="600" ind1="1" ind2="0">
            <subfield code="a">Tolkien, J. R. R.</subfield>
            <subfield code="q">(John Ronald Reuel),</subfield>
            <subfield code="d">1892-1973.</subfield>
            <subfield code="t">Lord of the rings.</subfield>
        </datafield>
        <datafield tag="852" ind1="8" ind2=" ">
            <subfield code="a">UkOxU</subfield>
            <subfield code="b">BODBL</subfield>
            <subfield code="h">2569 e.2295</subfield>
        </datafield>
    </record>