
    <record>
        <leader>00730cam a22002172  4500</leader>
        <controlfield tag="001">012377765</controlfield>
        <controlfield tag="003">UkOxU</controlfield>
        <controlfield tag="005">20110705033348.0</controlfield>
        <controlfield tag="008">780802t19691968xx            000 0 eng d</controlfield>
        <datafield tag="035" ind1=" " ind2=" ">
            <subfield code="a">OCLC ocm04103490 from D960906M</subfield>
        </datafield>
        <datafield tag="040" ind1=" " ind2=" ">
            <subfield code="a">APL</subfield>
            <subfield code="c">APL</subfield>
            <subfield code="d">OCL</subfield>
            <subfield code="d">EQO</subfield>
        </datafield>
        <datafield tag="100" ind1="1" ind2=" ">
            <subfield code="a">Ready, William Bernard,</subfield>
            <subfield code="d">1914-1981.</subfield>
        </datafield>
        <datafield tag="245" ind1="1" ind2="0">
            <subfield code="a">Understanding Tolkien, and the Lord of the rings.</subfield>
        </datafield>
        <datafield tag="260" ind1=" " ind2=" ">
            <subfield code="a">New York :</subfield>
            <subfield code="b">Paperback Library,</subfield>
            <subfield code="c">[1969, c1968]</subfield>
        </datafield>
        <datafield tag="300" ind1=" " ind2=" ">
            <subfield code="a">96 p.</subfield>
        </datafield>
        <datafield tag="490" ind1="1" ind2=" ">
            <subfield code="a">Paperback Library ;</subfield>
            <subfield code="v">64-036</subfield>
        </datafield>
        <datafield tag="500" ind1=" " ind2=" ">
            <subfield code="a">First pub. under title: The Tolkien relation.</subfield>
        </datafield>
        <datafield tag="600" ind1="1" ind2="0">
            <subfield code="a">Tolkien, J. R. R.</subfield>
            <subfield code="q">(John Ronald Reuel),</subfield>
            <subfield code="d">1892-1973.</subfield>
        </datafield>
        <datafield tag="740" ind1="4" ind2="0">
            <subfield code="a">The Tolkien relation.</subfield>
        </datafield>
        <datafield tag="830" ind1=" " ind2="0">
            <subfield code="a">Paperback Library ;</subfield>
            <subfield code="v">64-036</subfield>
        </datafield>
        <datafield tag="852" ind1="8" ind2=" ">
            <subfield code="a">UkOxU</subfield>
            <subfield code="b">BODBL</subfield>
            <subfield code="h">2569 e.3491</subfield>
        </datafield>
    </record>