
    <record>
        <leader>01081cam a22002772  4500</leader>
        <controlfield tag="001">012377766</controlfield>
        <controlfield tag="003">UkOxU</controlfield>
        <controlfield tag="005">20090227090934.0</controlfield>
        <controlfield tag="008">781117r19781968enk           000 0 eng d</controlfield>
        <datafield tag="010" ind1=" " ind2=" ">
            <subfield code="a">gb 78038049</subfield>
            <subfield code="z">68018276</subfield>
        </datafield>
        <datafield tag="015" ind1=" " ind2=" ">
            <subfield code="a">GB78-38049</subfield>
        </datafield>
        <datafield tag="020" ind1=" " ind2=" ">
            <subfield code="a">044688782X (pbk)</subfield>
        </datafield>
        <datafield tag="035" ind1=" " ind2=" ">
            <subfield code="a">OCLC ocm16426634 from D960906M</subfield>
        </datafield>
        <datafield tag="040" ind1=" " ind2=" ">
            <subfield code="a">UKM</subfield>
            <subfield code="c">UKM</subfield>
            <subfield code="d">OCL</subfield>
            <subfield code="d">EQO</subfield>
        </datafield>
        <datafield tag="043" ind1=" " ind2=" ">
            <subfield code="a">e-uk-en</subfield>
        </datafield>
        <datafield tag="050" ind1="1" ind2=" ">
            <subfield code="a">PR6039.O32Z/</subfield>
        </datafield>
        <datafield tag="050" ind1="1" ind2=" ">
            <subfield code="a">PR6039.O32Z</subfield>
        </datafield>
        <datafield tag="082" ind1="0" ind2=" ">
            <subfield code="a">823/.9/12</subfield>
            <subfield code="2">18</subfield>
        </datafield>
        <datafield tag="100" ind1="1" ind2=" ">
            <subfield code="a">Ready, William Bernard,</subfield>
            <subfield code="d">1914-1981.</subfield>
        </datafield>
        <datafield tag="240" ind1="1" ind2="0">
            <subfield code="a">Tolkien relation</subfield>
        </datafield>
        <datafield tag="245" ind1="1" ind2="0">
            <subfield code="a">Understanding Tolkien and 'The Lord of the Rings' /</subfield>
            <subfield code="c">by William Ready.</subfield>
        </datafield>
        <datafield tag="260" ind1=" " ind2=" ">
            <subfield code="a">New York :</subfield>
            <subfield code="b">Warner Books ;</subfield>
            <subfield code="a">[London] :</subfield>
            <subfield code="b">Distributed by New English Library,</subfield>
            <subfield code="c">1978.</subfield>
        </datafield>
        <datafield tag="300" ind1=" " ind2=" ">
            <subfield code="a">3 -96 p. ;</subfield>
            <subfield code="c">18 cm.</subfield>
        </datafield>
        <datafield tag="500" ind1=" " ind2=" ">
            <subfield code="a">Originally published: as 'The Tolkien relation', Chicago : Regnery ; and as 'Understanding Tolkien and &quot;The Lord of the Rings&quot;', New York : Paperback Library, 1968.</subfield>
        </datafield>
        <datafield tag="600" ind1="1" ind2="0">
            <subfield code="a">Tolkien, J. R. R.</subfield>
            <subfield code="q">(John Ronald Reuel),</subfield>
            <subfield code="d">1892-1973</subfield>
            <subfield code="x">Criticism and interpretation.</subfield>
        </datafield>
        <datafield tag="852" ind1="8" ind2=" ">
            <subfield code="a">UkOxU</subfield>
            <subfield code="b">BODBL</subfield>
            <subfield code="c">BODGL</subfield>
            <subfield code="k">(UBHU)</subfield>
            <subfield code="h">2569 e.2783</subfield>
        </datafield>
    </record>