
    <record>
        <leader>00771cam a22002532  4500</leader>
        <controlfield tag="001">012419324</controlfield>
        <controlfield tag="003">UkOxU</controlfield>
        <controlfield tag="005">19970821221200.0</controlfield>
        <controlfield tag="008">850311s1984    enk           000 0 eng d</controlfield>
        <datafield tag="010" ind1=" " ind2=" ">
            <subfield code="a">gb 85010959</subfield>
        </datafield>
        <datafield tag="015" ind1=" " ind2=" ">
            <subfield code="a">GB85-10959</subfield>
        </datafield>
        <datafield tag="020" ind1=" " ind2=" ">
            <subfield code="a">0582792320 (pbk)</subfield>
        </datafield>
        <datafield tag="035" ind1=" " ind2=" ">
            <subfield code="a">OCLC ocm12511622 from D961004M</subfield>
        </datafield>
        <datafield tag="040" ind1=" " ind2=" ">
            <subfield code="a">UKM</subfield>
            <subfield code="c">UKM</subfield>
            <subfield code="d">EQO</subfield>
        </datafield>
        <datafield tag="050" ind1="1" ind2=" ">
            <subfield code="a">PR6039.O32L6</subfield>
        </datafield>
        <datafield tag="082" ind1="0" ind2=" ">
            <subfield code="a">823/.912</subfield>
            <subfield code="2">19</subfield>
        </datafield>
        <datafield tag="100" ind1="1" ind2=" ">
            <subfield code="a">Ridden, G. M.</subfield>
        </datafield>
        <datafield tag="245" ind1="1" ind2="0">
            <subfield code="a">J.R.R. Tolkien, Lord of the rings :</subfield>
            <subfield code="b">notes /</subfield>
            <subfield code="c">by Geoffrey Ridden.</subfield>
        </datafield>
        <datafield tag="260" ind1=" " ind2=" ">
            <subfield code="a">Harlow :</subfield>
            <subfield code="b">Longman,</subfield>
            <subfield code="c">1984.</subfield>
        </datafield>
        <datafield tag="300" ind1=" " ind2=" ">
            <subfield code="a">80 p. ;</subfield>
            <subfield code="c">21 cm.</subfield>
        </datafield>
        <datafield tag="490" ind1="0" ind2=" ">
            <subfield code="a">York notes</subfield>
        </datafield>
        <datafield tag="504" ind1=" " ind2=" ">
            <subfield code="a">Bibliography: p. 72-73.</subfield>
        </datafield>
        <datafield tag="700" ind1="1" ind2=" ">
            <subfield code="a">Tolkien, J. R. R.</subfield>
            <subfield code="q">(John Ronald Reuel),</subfield>
            <subfield code="d">1892-1973.</subfield>
            <subfield code="t">Lord of the rings.</subfield>
        </datafield>
        <datafield tag="852" ind1="8" ind2=" ">
            <subfield code="a">UkOxU</subfield>
            <subfield code="b">BODBL</subfield>
            <subfield code="c">BODGL</subfield>
            <subfield code="k">(UBHU)</subfield>
            <subfield code="h">269 e.994/230</subfield>
        </datafield>
    </record>