
    <record>
        <leader>00898nam a22002532  4500</leader>
        <controlfield tag="001">012477964</controlfield>
        <controlfield tag="003">UkOxU</controlfield>
        <controlfield tag="005">20050222162559.0</controlfield>
        <controlfield tag="008">830125s1981    enkb          000 0 eng d</controlfield>
        <datafield tag="020" ind1=" " ind2=" ">
            <subfield code="a">0049120166</subfield>
        </datafield>
        <datafield tag="020" ind1=" " ind2=" ">
            <subfield code="a">0049120115</subfield>
        </datafield>
        <datafield tag="035" ind1=" " ind2=" ">
            <subfield code="a">OCLC ocm09160102 from D961217M</subfield>
        </datafield>
        <datafield tag="040" ind1=" " ind2=" ">
            <subfield code="a">GZM</subfield>
            <subfield code="c">GZM</subfield>
            <subfield code="d">EQO</subfield>
        </datafield>
        <datafield tag="090" ind1=" " ind2=" ">
            <subfield code="a">G3122.M5</subfield>
            <subfield code="b">S7 1981</subfield>
        </datafield>
        <datafield tag="100" ind1="1" ind2=" ">
            <subfield code="a">Strachey, Barbara,</subfield>
            <subfield code="d">1912-1999.</subfield>
        </datafield>
        <datafield tag="245" ind1="1" ind2="0">
            <subfield code="a">Journeys of Frodo :</subfield>
            <subfield code="b">an atlas of J.R.R. Tolkien's The Lord of the rings /</subfield>
            <subfield code="c">Barbara Strachey.</subfield>
        </datafield>
        <datafield tag="260" ind1=" " ind2=" ">
            <subfield code="a">London ; Boston :</subfield>
            <subfield code="b">Allen &amp; Unwin,</subfield>
            <subfield code="c">1981.</subfield>
        </datafield>
        <datafield tag="300" ind1=" " ind2=" ">
            <subfield code="a">[109] p. :</subfield>
            <subfield code="b">col. maps ;</subfield>
            <subfield code="c">19 x 25 cm.</subfield>
        </datafield>
        <datafield tag="650" ind1=" " ind2="0">
            <subfield code="a">Middle Earth (Imaginary place)</subfield>
            <subfield code="x">Maps.</subfield>
        </datafield>
        <datafield tag="700" ind1="1" ind2=" ">
            <subfield code="a">Tolkien, J. R. R.</subfield>
            <subfield code="q">(John Ronald Reuel),</subfield>
            <subfield code="d">1892-1973.</subfield>
            <subfield code="t">Lord of the rings.</subfield>
        </datafield>
        <datafield tag="852" ind1="8" ind2=" ">
            <subfield code="a">UkOxU</subfield>
            <subfield code="b">BODBL</subfield>
            <subfield code="h">2569 c.48</subfield>
        </datafield>
        <datafield tag="852" ind1="8" ind2=" ">
            <subfield code="a">UkOxU</subfield>
            <subfield code="b">BODBL</subfield>
            <subfield code="h">2569 c.49</subfield>
        </datafield>
        <datafield tag="852" ind1="8" ind2=" ">
            <subfield code="a">UkOxU</subfield>
            <subfield code="b">MERCL</subfield>
            <subfield code="c">MERRR</subfield>
            <subfield code="h">YK:TOL/STR</subfield>
        </datafield>
        <datafield tag="852" ind1="8" ind2=" ">
            <subfield code="a">UkOxU</subfield>
            <subfield code="b">LMHCL</subfield>
            <subfield code="c">LMHGF</subfield>
            <subfield code="h">824.291</subfield>
            <subfield code="m">46</subfield>
        </datafield>
    </record>