
    <record>
        <leader>01822cam a2200289 a 4500</leader>
        <controlfield tag="001">012523902</controlfield>
        <controlfield tag="003">UkOxU</controlfield>
        <controlfield tag="005">20050607095223.0</controlfield>
        <controlfield tag="008">740917s1975    ilu      b    000 0 eng  </controlfield>
        <datafield tag="010" ind1=" " ind2=" ">
            <subfield code="a">74020681 //r912</subfield>
        </datafield>
        <datafield tag="020" ind1=" " ind2=" ">
            <subfield code="a">087548316X</subfield>
        </datafield>
        <datafield tag="020" ind1=" " ind2=" ">
            <subfield code="a">0875483038 (pbk.)</subfield>
        </datafield>
        <datafield tag="035" ind1=" " ind2=" ">
            <subfield code="a">OCLC ocm01055562 from D970129M</subfield>
        </datafield>
        <datafield tag="040" ind1=" " ind2=" ">
            <subfield code="a">DLC</subfield>
            <subfield code="c">DLC</subfield>
            <subfield code="d">EQO</subfield>
        </datafield>
        <datafield tag="050" ind1="0" ind2="0">
            <subfield code="a">PR6039.O32</subfield>
            <subfield code="b">Z69 1975</subfield>
        </datafield>
        <datafield tag="082" ind1="0" ind2="0">
            <subfield code="a">828/.9/1209</subfield>
        </datafield>
        <datafield tag="100" ind1="1" ind2=" ">
            <subfield code="a">Lobdell, Jared,</subfield>
            <subfield code="d">1937-</subfield>
        </datafield>
        <datafield tag="245" ind1="1" ind2="2">
            <subfield code="a">A Tolkien compass :</subfield>
            <subfield code="b">including J.R.R. Tolkien's Guide to the names in The Lord of the Rings /</subfield>
            <subfield code="c">edited by Jared Lobdell.</subfield>
        </datafield>
        <datafield tag="260" ind1=" " ind2=" ">
            <subfield code="a">La Salle, Ill. :</subfield>
            <subfield code="b">Open Court,</subfield>
            <subfield code="c">1975.</subfield>
        </datafield>
        <datafield tag="300" ind1=" " ind2=" ">
            <subfield code="a">201 p. ;</subfield>
            <subfield code="c">22 cm.</subfield>
        </datafield>
        <datafield tag="504" ind1=" " ind2=" ">
            <subfield code="a">Includes bibliographical references.</subfield>
        </datafield>
        <datafield tag="505" ind1="0" ind2=" ">
            <subfield code="a">Christensen, B. Gollum's character transformation in The hobbit -- Matthews, D. The psychological journey of Bilbo Baggins -- Scheps, W. The fairy-tale morality of The lord of the rings -- Perkins, A. and Hill, H. The corruption of power -- Rogers, D. Everyclod and Everyhero: the image of man in Tolkien -- West, R. The interlace structure of The lord of the rings -- Miller, D. Narrative pattern in The fellowship of the ring -- Plank, R. &quot;The scouring of the shire&quot;: Tolkien's view of fascism -- Huttar, C. A. Hell and the city: Tolkien and the traditions of Western literature -- Kaufmann, U. M. Aspects of the paradisiacal in Tolkien's work -- Tolkien, J. R. R. Guide to the names in The Lord of the Rings.</subfield>
        </datafield>
        <datafield tag="600" ind1="1" ind2="0">
            <subfield code="a">Tolkien, J. R. R.</subfield>
            <subfield code="q">(John Ronald Reuel),</subfield>
            <subfield code="d">1892-1973</subfield>
            <subfield code="x">Criticism and interpretation.</subfield>
        </datafield>
        <datafield tag="650" ind1=" " ind2="0">
            <subfield code="a">Fantasy fiction, English</subfield>
            <subfield code="x">History and criticism.</subfield>
        </datafield>
        <datafield tag="700" ind1="1" ind2="2">
            <subfield code="a">Tolkien, J. R. R.</subfield>
            <subfield code="q">(John Ronald Reuel),</subfield>
            <subfield code="d">1892-1973.</subfield>
            <subfield code="t">Guide to the names in The Lord of the Rings.</subfield>
        </datafield>
        <datafield tag="852" ind1="8" ind2=" ">
            <subfield code="a">UkOxU</subfield>
            <subfield code="b">BODBL</subfield>
            <subfield code="c">BODGL</subfield>
            <subfield code="k">(UBHU)</subfield>
            <subfield code="h">26961 e.1084</subfield>
        </datafield>
        <datafield tag="852" ind1="8" ind2=" ">
            <subfield code="a">UkOxU</subfield>
            <subfield code="b">BODBL</subfield>
            <subfield code="h">X05.F03969</subfield>
            <subfield code="m">(Box B000000007121)</subfield>
        </datafield>
    </record>