
    <record>
        <leader>00550nam a22001692  4500</leader>
        <controlfield tag="001">012525959</controlfield>
        <controlfield tag="003">UkOxU</controlfield>
        <controlfield tag="005">19980423122938.0</controlfield>
        <controlfield tag="008">930413m19611962enka          000 0 eng d</controlfield>
        <datafield tag="035" ind1=" " ind2=" ">
            <subfield code="a">OCLC ocm27910017 from D970130M</subfield>
        </datafield>
        <datafield tag="040" ind1=" " ind2=" ">
            <subfield code="a">ORU</subfield>
            <subfield code="c">ORU</subfield>
            <subfield code="d">EQO</subfield>
        </datafield>
        <datafield tag="090" ind1=" " ind2=" ">
            <subfield code="a">PR6039.O32</subfield>
            <subfield code="b">L6</subfield>
        </datafield>
        <datafield tag="100" ind1="1" ind2=" ">
            <subfield code="a">Tolkien, J. R. R.</subfield>
            <subfield code="q">(John Ronald Reuel),</subfield>
            <subfield code="d">1892-1973.</subfield>
        </datafield>
        <datafield tag="245" ind1="1" ind2="4">
            <subfield code="a">The Lord of the rings.</subfield>
        </datafield>
        <datafield tag="260" ind1=" " ind2=" ">
            <subfield code="a">London :</subfield>
            <subfield code="b">Allen &amp; Unwin ;</subfield>
            <subfield code="a">Boston, Houghton Mifflin,</subfield>
            <subfield code="c">[1961-1962, v.1, 1962]</subfield>
        </datafield>
        <datafield tag="300" ind1=" " ind2=" ">
            <subfield code="a">3 v.</subfield>
            <subfield code="b">illus.</subfield>
            <subfield code="c">23 cm.</subfield>
        </datafield>
        <datafield tag="852" ind1="8" ind2=" ">
            <subfield code="a">UkOxU</subfield>
            <subfield code="b">BODBL</subfield>
            <subfield code="h">25615 e.16682</subfield>
            <subfield code="m">(3 v. in 1)</subfield>
        </datafield>
    </record>