
    <record>
        <leader>01247nam a22003372  4500</leader>
        <controlfield tag="001">012525966</controlfield>
        <controlfield tag="003">UkOxU</controlfield>
        <controlfield tag="005">19980423123237.0</controlfield>
        <controlfield tag="008">780106r19771954enkab         001 1 eng d</controlfield>
        <datafield tag="010" ind1=" " ind2=" ">
            <subfield code="a">gb 78001763</subfield>
        </datafield>
        <datafield tag="015" ind1=" " ind2=" ">
            <subfield code="a">GB78-1763</subfield>
        </datafield>
        <datafield tag="035" ind1=" " ind2=" ">
            <subfield code="a">OCLC ocm16430475 from D970130M</subfield>
        </datafield>
        <datafield tag="040" ind1=" " ind2=" ">
            <subfield code="a">UKM</subfield>
            <subfield code="c">UKM</subfield>
            <subfield code="d">EQO</subfield>
        </datafield>
        <datafield tag="082" ind1="0" ind2=" ">
            <subfield code="a">823/.9/1</subfield>
            <subfield code="2">18</subfield>
        </datafield>
        <datafield tag="100" ind1="1" ind2=" ">
            <subfield code="a">Tolkien, J. R. R.</subfield>
            <subfield code="q">(John Ronald Reuel),</subfield>
            <subfield code="d">1892-1973.</subfield>
        </datafield>
        <datafield tag="245" ind1="1" ind2="4">
            <subfield code="a">The Lord of the rings /</subfield>
            <subfield code="c">J.R.R. Tolkien ; illustrations by Ingahild Grathmer, drawn by Eric Fraser.</subfield>
        </datafield>
        <datafield tag="260" ind1=" " ind2=" ">
            <subfield code="a">London :</subfield>
            <subfield code="b">Folio Society,</subfield>
            <subfield code="c">1977.</subfield>
        </datafield>
        <datafield tag="300" ind1=" " ind2=" ">
            <subfield code="a">3 v. (459 p.; 372 p.; 487 p.) :</subfield>
            <subfield code="b">ill., maps (on lining papers) ;</subfield>
            <subfield code="c">24 cm.</subfield>
        </datafield>
        <datafield tag="500" ind1=" " ind2=" ">
            <subfield code="a">In slip case.</subfield>
        </datafield>
        <datafield tag="500" ind1=" " ind2=" ">
            <subfield code="a">Originally published: London : Allen and Unwin, 1954-55.</subfield>
        </datafield>
        <datafield tag="500" ind1=" " ind2=" ">
            <subfield code="a">Includes index.</subfield>
        </datafield>
        <datafield tag="650" ind1=" " ind2="0">
            <subfield code="a">English fiction.</subfield>
        </datafield>
        <datafield tag="852" ind1="8" ind2=" ">
            <subfield code="a">UkOxU</subfield>
            <subfield code="b">BODBL</subfield>
            <subfield code="h">25615 d.48</subfield>
            <subfield code="m">(v.3)</subfield>
        </datafield>
        <datafield tag="852" ind1="8" ind2=" ">
            <subfield code="a">UkOxU</subfield>
            <subfield code="b">BODBL</subfield>
            <subfield code="h">25615 d.48</subfield>
            <subfield code="m">(v.2)</subfield>
        </datafield>
        <datafield tag="852" ind1="8" ind2=" ">
            <subfield code="a">UkOxU</subfield>
            <subfield code="b">BODBL</subfield>
            <subfield code="h">25615 d.48</subfield>
            <subfield code="m">(v.1)</subfield>
        </datafield>
        <datafield tag="852" ind1="8" ind2=" ">
            <subfield code="a">UkOxU</subfield>
            <subfield code="b">SPCCL</subfield>
            <subfield code="c">SPCLL</subfield>
            <subfield code="h">YIO TOL 6LO [tol]</subfield>
        </datafield>
        <datafield tag="852" ind1="8" ind2=" ">
            <subfield code="a">UkOxU</subfield>
            <subfield code="b">SPCCL</subfield>
            <subfield code="c">SPCLL</subfield>
            <subfield code="h">YIO TOL 6LO [tol]</subfield>
        </datafield>
        <datafield tag="852" ind1="8" ind2=" ">
            <subfield code="a">UkOxU</subfield>
            <subfield code="b">SPCCL</subfield>
            <subfield code="c">SPCLL</subfield>
            <subfield code="h">YIO TOL 6LO [tol]</subfield>
        </datafield>
        <datafield tag="852" ind1="8" ind2=" ">
            <subfield code="a">UkOxU</subfield>
            <subfield code="b">TRICL</subfield>
            <subfield code="h">NK 1684.05/1 v.1</subfield>
        </datafield>
        <datafield tag="852" ind1="8" ind2=" ">
            <subfield code="a">UkOxU</subfield>
            <subfield code="b">TRICL</subfield>
            <subfield code="h">NK 1684.05/2 v.2</subfield>
        </datafield>
        <datafield tag="852" ind1="8" ind2=" ">
            <subfield code="a">UkOxU</subfield>
            <subfield code="b">TRICL</subfield>
            <subfield code="h">NK 1684.05/3 v.3</subfield>
        </datafield>
    </record>