
    <record>
        <leader>00904cam a22002292  4500</leader>
        <controlfield tag="001">012525974</controlfield>
        <controlfield tag="003">UkOxU</controlfield>
        <controlfield tag="005">20110705145447.0</controlfield>
        <controlfield tag="008">780501s1969    inua          001 0 eng d</controlfield>
        <datafield tag="035" ind1=" " ind2=" ">
            <subfield code="a">OCLC ocm03851126 from D970130M</subfield>
        </datafield>
        <datafield tag="040" ind1=" " ind2=" ">
            <subfield code="a">OKU</subfield>
            <subfield code="c">OKU</subfield>
            <subfield code="d">PBE</subfield>
            <subfield code="d">EQO</subfield>
        </datafield>
        <datafield tag="050" ind1=" " ind2="4">
            <subfield code="a">PR6039.O32</subfield>
            <subfield code="b">Z8397 1969</subfield>
        </datafield>
        <datafield tag="090" ind1=" " ind2=" ">
            <subfield code="a">PR6039.O32</subfield>
            <subfield code="b">L634 1969</subfield>
        </datafield>
        <datafield tag="100" ind1="1" ind2=" ">
            <subfield code="a">Isaacs, Neil D.,</subfield>
            <subfield code="d">1931-</subfield>
        </datafield>
        <datafield tag="245" ind1="1" ind2="0">
            <subfield code="a">Tolkien and the critics :</subfield>
            <subfield code="b">essays on J.R.R. Tolkien's The lord of the rings /</subfield>
            <subfield code="c">edited by Neil D. Isaacs and Rose A. Zimbardo.</subfield>
        </datafield>
        <datafield tag="260" ind1=" " ind2=" ">
            <subfield code="a">Notre Dame, Ind. :</subfield>
            <subfield code="b">University of Notre Dame Press,</subfield>
            <subfield code="c">1969.</subfield>
        </datafield>
        <datafield tag="300" ind1=" " ind2=" ">
            <subfield code="a">296 p. :</subfield>
            <subfield code="b">ill. ;</subfield>
            <subfield code="c">21 cm.</subfield>
        </datafield>
        <datafield tag="490" ind1="1" ind2=" ">
            <subfield code="a">University of Notre Dame publications ;</subfield>
            <subfield code="v">88</subfield>
        </datafield>
        <datafield tag="600" ind1="1" ind2="0">
            <subfield code="a">Tolkien, J. R. R.</subfield>
            <subfield code="q">(John Ronald Reuel),</subfield>
            <subfield code="d">1892-1973.</subfield>
            <subfield code="t">Lord of the rings.</subfield>
        </datafield>
        <datafield tag="700" ind1="1" ind2=" ">
            <subfield code="a">Zimbardo, Rose A.</subfield>
        </datafield>
        <datafield tag="830" ind1=" " ind2="0">
            <subfield code="a">University of Notre Dame publications ;</subfield>
            <subfield code="v">88</subfield>
        </datafield>
        <datafield tag="852" ind1="8" ind2=" ">
            <subfield code="a">UkOxU</subfield>
            <subfield code="b">BODBL</subfield>
            <subfield code="c">BODGL</subfield>
            <subfield code="k">(UBHU)</subfield>
            <subfield code="h">2569 e.1932</subfield>
        </datafield>
    </record>