
    <record>
        <leader>00866nam a22002172  4500</leader>
        <controlfield tag="001">013204668</controlfield>
        <controlfield tag="003">UkOxU</controlfield>
        <controlfield tag="005">20040505151147.0</controlfield>
        <controlfield tag="008">980427s1982    it b          000 0 ita d</controlfield>
        <datafield tag="041" ind1="1" ind2=" ">
            <subfield code="a">ita</subfield>
            <subfield code="b">eng</subfield>
        </datafield>
        <datafield tag="100" ind1="1" ind2=" ">
            <subfield code="a">Strachey, Barbara,</subfield>
            <subfield code="d">1912-1999.</subfield>
        </datafield>
        <datafield tag="240" ind1="1" ind2="0">
            <subfield code="a">Journeys of Frodo.</subfield>
            <subfield code="l">Italian</subfield>
        </datafield>
        <datafield tag="245" ind1="1" ind2="2">
            <subfield code="a">I viaggi di Frodo :</subfield>
            <subfield code="b">un atlante di J.R.R. Tolkein: The Lord of the rings /</subfield>
            <subfield code="c">Barbara Strachey ; traduzione dall'inglese di Francesco Saba Sardi.</subfield>
        </datafield>
        <datafield tag="246" ind1="3" ind2="0">
            <subfield code="a">Atlante di J.R.R. Tolkein: The Lord of the rings</subfield>
        </datafield>
        <datafield tag="260" ind1=" " ind2=" ">
            <subfield code="a">Milano :</subfield>
            <subfield code="b">Rusconi,</subfield>
            <subfield code="c">1982.</subfield>
        </datafield>
        <datafield tag="300" ind1=" " ind2=" ">
            <subfield code="a">[101] p. :</subfield>
            <subfield code="b">ill., maps ;</subfield>
            <subfield code="c">22 x 25 cm.</subfield>
        </datafield>
        <datafield tag="500" ind1=" " ind2=" ">
            <subfield code="a">Originally published: London: Unwin, 1981.</subfield>
        </datafield>
        <datafield tag="650" ind1=" " ind2="0">
            <subfield code="a">Middle Earth (Imaginary place)</subfield>
            <subfield code="x">Maps.</subfield>
        </datafield>
        <datafield tag="700" ind1="1" ind2=" ">
            <subfield code="a">Tolkien, J. R. R.</subfield>
            <subfield code="q">(John Ronald Reuel),</subfield>
            <subfield code="d">1892-1973.</subfield>
            <subfield code="t">Lord of the rings.</subfield>
        </datafield>
        <datafield tag="700" ind1="1" ind2=" ">
            <subfield code="a">Saba Sardi, Francesco.</subfield>
        </datafield>
        <datafield tag="852" ind1="8" ind2=" ">
            <subfield code="a">UkOxU</subfield>
            <subfield code="b">BODBL</subfield>
            <subfield code="h">M98.E06032</subfield>
        </datafield>
    </record>