
    <record>
        <leader>01032nam a2200241 a 4500</leader>
        <controlfield tag="001">013206022</controlfield>
        <controlfield tag="003">UkOxU</controlfield>
        <controlfield tag="005">19981103083724.0</controlfield>
        <controlfield tag="008">980428s1993    it            000 1 ita d</controlfield>
        <datafield tag="020" ind1=" " ind2=" ">
            <subfield code="a">8818700014</subfield>
        </datafield>
        <datafield tag="041" ind1="1" ind2=" ">
            <subfield code="a">ita</subfield>
            <subfield code="h">eng</subfield>
        </datafield>
        <datafield tag="100" ind1="1" ind2=" ">
            <subfield code="a">Tolkien, J. R. R.</subfield>
            <subfield code="q">(John Ronald Reuel),</subfield>
            <subfield code="d">1892-1973.</subfield>
        </datafield>
        <datafield tag="240" ind1="1" ind2="0">
            <subfield code="a">Fellowship of the ring.</subfield>
            <subfield code="l">Italian</subfield>
        </datafield>
        <datafield tag="245" ind1="1" ind2="3">
            <subfield code="a">La compagnia dell'anello /</subfield>
            <subfield code="c">John Ronald Reuel Tolkien ; edizione italiana a cura di Quirino Principe ; traduzione dall'inglese di Vicky Alliata di Villafranca ; introduzione di Elémire Zolla.</subfield>
        </datafield>
        <datafield tag="260" ind1=" " ind2=" ">
            <subfield code="a">Milano :</subfield>
            <subfield code="b">Rusconi,</subfield>
            <subfield code="c">1993.</subfield>
        </datafield>
        <datafield tag="300" ind1=" " ind2=" ">
            <subfield code="a">502 p. ;</subfield>
            <subfield code="c">20 cm.</subfield>
        </datafield>
        <datafield tag="490" ind1="1" ind2=" ">
            <subfield code="a">Il Signore degli anelli ;</subfield>
            <subfield code="v">1</subfield>
        </datafield>
        <datafield tag="500" ind1=" " ind2=" ">
            <subfield code="a">Italian translation of: The fellowship of the ring, Originally published: London: Allen &amp; Unwin, 1954</subfield>
        </datafield>
        <datafield tag="700" ind1="1" ind2=" ">
            <subfield code="a">Principe, Quirino,</subfield>
            <subfield code="d">1935-</subfield>
        </datafield>
        <datafield tag="700" ind1="1" ind2=" ">
            <subfield code="a">Alliata di Villafranca, Vicky.</subfield>
        </datafield>
        <datafield tag="800" ind1="1" ind2=" ">
            <subfield code="a">Tolkien, J. R. R.</subfield>
            <subfield code="q">(John Ronald Reuel),</subfield>
            <subfield code="d">1892-1973.</subfield>
            <subfield code="t">Lord of the rings.</subfield>
            <subfield code="l">Italian</subfield>
        </datafield>
        <datafield tag="852" ind1="8" ind2=" ">
            <subfield code="a">UkOxU</subfield>
            <subfield code="b">BODBL</subfield>
            <subfield code="h">M98.G01902</subfield>
        </datafield>
        <datafield tag="852" ind1="8" ind2=" ">
            <subfield code="a">UkOxU</subfield>
            <subfield code="b">BODBL</subfield>
            <subfield code="h">M98.G04513</subfield>
        </datafield>
    </record>