
    <record>
        <leader>00446nam a2200145 a 4500</leader>
        <controlfield tag="001">013330243</controlfield>
        <controlfield tag="003">UkOxU</controlfield>
        <controlfield tag="005">19980925173418.0</controlfield>
        <controlfield tag="008">980925s1969    nyu           000 0 und d</controlfield>
        <datafield tag="100" ind1="1" ind2=" ">
            <subfield code="a">Carter, Lin.</subfield>
        </datafield>
        <datafield tag="245" ind1="1" ind2="0">
            <subfield code="a">Tolkien :</subfield>
            <subfield code="b">a look behind 'The lord of the rings' /</subfield>
            <subfield code="c">Lin Carter.</subfield>
        </datafield>
        <datafield tag="260" ind1=" " ind2=" ">
            <subfield code="a">New York :</subfield>
            <subfield code="b">Ballantine,</subfield>
            <subfield code="c">1969.</subfield>
        </datafield>
        <datafield tag="300" ind1=" " ind2=" ">
            <subfield code="a">211 p. ;</subfield>
            <subfield code="c">18 cm.</subfield>
        </datafield>
        <datafield tag="600" ind1="1" ind2="0">
            <subfield code="a">Tolkien, J. R. R.</subfield>
            <subfield code="q">(John Ronald Reuel),</subfield>
            <subfield code="d">1892-1973.</subfield>
        </datafield>
        <datafield tag="852" ind1="8" ind2=" ">
            <subfield code="a">UkOxU</subfield>
            <subfield code="b">BODBL</subfield>
            <subfield code="h">M98.H00881</subfield>
        </datafield>
    </record>