
    <record>
        <leader>01142cam a2200277 a 4500</leader>
        <controlfield tag="001">013338793</controlfield>
        <controlfield tag="003">UkOxU</controlfield>
        <controlfield tag="005">20041020084721.0</controlfield>
        <controlfield tag="008">930401s1988    ru ac         000 1 rus d</controlfield>
        <datafield tag="020" ind1=" " ind2=" ">
            <subfield code="a">505002255X</subfield>
        </datafield>
        <datafield tag="035" ind1=" " ind2=" ">
            <subfield code="a">(OCoLC)ocm27839810</subfield>
        </datafield>
        <datafield tag="040" ind1=" " ind2=" ">
            <subfield code="a">BRL</subfield>
            <subfield code="c">BRL</subfield>
            <subfield code="d">OCL</subfield>
        </datafield>
        <datafield tag="041" ind1="1" ind2=" ">
            <subfield code="a">rus</subfield>
            <subfield code="h">eng</subfield>
        </datafield>
        <datafield tag="090" ind1=" " ind2=" ">
            <subfield code="a">PR6039.O32</subfield>
            <subfield code="b">L617 1988x</subfield>
        </datafield>
        <datafield tag="100" ind1="1" ind2=" ">
            <subfield code="a">Tolkien, J. R. R.</subfield>
            <subfield code="q">(John Ronald Reuel),</subfield>
            <subfield code="d">1892-1973.</subfield>
        </datafield>
        <datafield tag="240" ind1="1" ind2="0">
            <subfield code="a">Fellowship of the ring.</subfield>
            <subfield code="l">Russian</subfield>
        </datafield>
        <datafield tag="245" ind1="1" ind2="0">
            <subfield code="a">Khraniteli :</subfield>
            <subfield code="b">letopisʹ pervai͡a iz ėpopei &quot;Vlastelin kolet͡s&quot; /</subfield>
            <subfield code="c">Dzhon Ronalʹd Ruėl Tolkien ; perevod s angliĭskogo ; predislovie V. Muravʹeva ; [perevod V. Muravʹeva (Prolog i kniga pervai͡a) i A. Kisti͡akovskogo (Kniga vtorai͡a i vse stikhotvorenii͡a)]</subfield>
        </datafield>
        <datafield tag="260" ind1=" " ind2=" ">
            <subfield code="a">Moskva :</subfield>
            <subfield code="b">&quot;Raduga&quot;,</subfield>
            <subfield code="c">1988.</subfield>
        </datafield>
        <datafield tag="300" ind1=" " ind2=" ">
            <subfield code="a">493 p. :</subfield>
            <subfield code="b">ill., maps ;</subfield>
            <subfield code="c">21 cm.</subfield>
        </datafield>
        <datafield tag="500" ind1=" " ind2=" ">
            <subfield code="a">Translation of: The fellowship of the ring.</subfield>
        </datafield>
        <datafield tag="500" ind1=" " ind2=" ">
            <subfield code="a">Added t.p. in English.</subfield>
        </datafield>
        <datafield tag="700" ind1="1" ind2=" ">
            <subfield code="a">Muravʹev, V. B.</subfield>
            <subfield code="q">(Vladimir Bronislavovich)</subfield>
        </datafield>
        <datafield tag="700" ind1="1" ind2=" ">
            <subfield code="a">Kisti͡akovskiĭ, Andreĭ.</subfield>
        </datafield>
        <datafield tag="740" ind1="4" ind2=" ">
            <subfield code="a">The Lord of the rings</subfield>
        </datafield>
        <datafield tag="852" ind1="8" ind2=" ">
            <subfield code="a">UkOxU</subfield>
            <subfield code="b">TAYBL</subfield>
            <subfield code="h">PG3594.T65.L81</subfield>
        </datafield>
        <datafield tag="852" ind1="8" ind2=" ">
            <subfield code="a">UkOxU</subfield>
            <subfield code="b">BODBL</subfield>
            <subfield code="h">X00.G00707</subfield>
            <subfield code="m">(Box B000000132969)</subfield>
        </datafield>
    </record>