
    <record>
        <leader>01025nam a2200253 a 4500</leader>
        <controlfield tag="001">013340160</controlfield>
        <controlfield tag="003">UkOxU</controlfield>
        <controlfield tag="005">20120228171515.0</controlfield>
        <controlfield tag="008">981013r19801979sz ab         000 1 fre d</controlfield>
        <datafield tag="040" ind1=" " ind2=" ">
            <subfield code="a">UkOxU</subfield>
            <subfield code="b">eng</subfield>
            <subfield code="c">UkOxU</subfield>
        </datafield>
        <datafield tag="041" ind1="1" ind2=" ">
            <subfield code="a">fre</subfield>
            <subfield code="h">eng</subfield>
        </datafield>
        <datafield tag="100" ind1="1" ind2=" ">
            <subfield code="a">Tolkien, J. R. R.</subfield>
            <subfield code="q">(John Ronald Reuel),</subfield>
            <subfield code="d">1892-1973.</subfield>
        </datafield>
        <datafield tag="240" ind1="1" ind2="0">
            <subfield code="a">Lord of the rings.</subfield>
            <subfield code="l">French</subfield>
        </datafield>
        <datafield tag="245" ind1="1" ind2="3">
            <subfield code="a">Le seigneur des anneaux /</subfield>
            <subfield code="c">John Ronald Reuel Tolkien ; traduit de l'anglais par F. Ledoux ; [dessins de Jean-Pierre Evrard]</subfield>
        </datafield>
        <datafield tag="260" ind1=" " ind2=" ">
            <subfield code="a">Genève :</subfield>
            <subfield code="b">Editions Famot,</subfield>
            <subfield code="c">1980-</subfield>
        </datafield>
        <datafield tag="300" ind1=" " ind2=" ">
            <subfield code="a">v. :</subfield>
            <subfield code="b">col. ill. ;</subfield>
            <subfield code="c">29 cm.</subfield>
        </datafield>
        <datafield tag="500" ind1=" " ind2=" ">
            <subfield code="a">French translation of: The lord of the rings. Originally published: London: Allen &amp; Unwin, 1996. This translation first published: Paris: Christian Bourgois, 1972-1973.</subfield>
        </datafield>
        <datafield tag="505" ind1="0" ind2=" ">
            <subfield code="a">t.1. La communauté de l'anneau -- t.2. Les deux tours</subfield>
        </datafield>
        <datafield tag="700" ind1="1" ind2=" ">
            <subfield code="a">Evrard, Jean-Pierre.</subfield>
        </datafield>
        <datafield tag="700" ind1="1" ind2=" ">
            <subfield code="a">Ledoux, Francis.</subfield>
        </datafield>
        <datafield tag="740" ind1="0" ind2="2">
            <subfield code="a">Communauté de l'anneau</subfield>
        </datafield>
        <datafield tag="740" ind1="0" ind2="2">
            <subfield code="a">Deux tours</subfield>
        </datafield>
        <datafield tag="852" ind1="8" ind2=" ">
            <subfield code="a">UkOxU</subfield>
            <subfield code="b">BODBL</subfield>
            <subfield code="h">M10.D00885</subfield>
        </datafield>
        <datafield tag="852" ind1="8" ind2=" ">
            <subfield code="a">UkOxU</subfield>
            <subfield code="b">BODBL</subfield>
            <subfield code="h">M10.D00884</subfield>
        </datafield>
    </record>