
    <record>
        <leader>01188nam a2200313 a 4500</leader>
        <controlfield tag="001">013340218</controlfield>
        <controlfield tag="003">UkOxU</controlfield>
        <controlfield tag="005">20120228170708.0</controlfield>
        <controlfield tag="008">981013r19831979fr b          000 1 fre d</controlfield>
        <datafield tag="020" ind1=" " ind2=" ">
            <subfield code="a">2724215419 (t.1)</subfield>
        </datafield>
        <datafield tag="020" ind1=" " ind2=" ">
            <subfield code="a">2724215427 (t.2)</subfield>
        </datafield>
        <datafield tag="020" ind1=" " ind2=" ">
            <subfield code="a">2724215435 (t.3)</subfield>
        </datafield>
        <datafield tag="040" ind1=" " ind2=" ">
            <subfield code="a">UkOxU</subfield>
            <subfield code="b">eng</subfield>
            <subfield code="c">UkOxU</subfield>
        </datafield>
        <datafield tag="041" ind1="1" ind2=" ">
            <subfield code="a">fre</subfield>
            <subfield code="h">eng</subfield>
        </datafield>
        <datafield tag="100" ind1="1" ind2=" ">
            <subfield code="a">Tolkien, J. R. R.</subfield>
            <subfield code="q">(John Ronald Reuel),</subfield>
            <subfield code="d">1892-1973.</subfield>
        </datafield>
        <datafield tag="240" ind1="1" ind2="0">
            <subfield code="a">Lord of the rings.</subfield>
            <subfield code="l">French</subfield>
        </datafield>
        <datafield tag="245" ind1="1" ind2="3">
            <subfield code="a">Le seigneur des anneaux (The Lord of the rings) /</subfield>
            <subfield code="c">J.R.R. Tolkien ; traduit de l'anglais par F. Ledoux.</subfield>
        </datafield>
        <datafield tag="250" ind1=" " ind2=" ">
            <subfield code="a">Edition du France Club Loisirs, Paris.</subfield>
        </datafield>
        <datafield tag="260" ind1=" " ind2=" ">
            <subfield code="a">Paris :</subfield>
            <subfield code="b">France Loisirs,</subfield>
            <subfield code="c">1983.</subfield>
        </datafield>
        <datafield tag="300" ind1=" " ind2=" ">
            <subfield code="a">3 v. ;</subfield>
            <subfield code="b">maps ;</subfield>
            <subfield code="c">25 cm.</subfield>
        </datafield>
        <datafield tag="500" ind1=" " ind2=" ">
            <subfield code="a">French translation of: The lord of the rings. Originally published: London: Allen &amp; Unwin, 1966. This translation first published: Paris: Christian Bourgois, 1972-1973.</subfield>
        </datafield>
        <datafield tag="505" ind1="0" ind2=" ">
            <subfield code="a">t.1. La communauté de l'anneau-- t.2. Les deux tours -- t.3. Le retour du roi</subfield>
        </datafield>
        <datafield tag="700" ind1="1" ind2=" ">
            <subfield code="a">Ledoux, Francis.</subfield>
        </datafield>
        <datafield tag="740" ind1="0" ind2="2">
            <subfield code="a">Communauté de l'anneau</subfield>
        </datafield>
        <datafield tag="740" ind1="0" ind2="2">
            <subfield code="a">Deux tours</subfield>
        </datafield>
        <datafield tag="740" ind1="0" ind2="2">
            <subfield code="a">Retour du roi</subfield>
        </datafield>
        <datafield tag="852" ind1="8" ind2=" ">
            <subfield code="a">UkOxU</subfield>
            <subfield code="b">BODBL</subfield>
            <subfield code="h">M07.E13003</subfield>
        </datafield>
        <datafield tag="852" ind1=" " ind2=" ">
            <subfield code="a">UkOxU</subfield>
            <subfield code="b">BODBL</subfield>
        </datafield>
        <datafield tag="852" ind1=" " ind2=" ">
            <subfield code="a">UkOxU</subfield>
            <subfield code="b">BODBL</subfield>
        </datafield>
    </record>