
    <record>
        <leader>00919nam a2200217 a 4500</leader>
        <controlfield tag="001">013353016</controlfield>
        <controlfield tag="003">UkOxU</controlfield>
        <controlfield tag="005">19981104112916.0</controlfield>
        <controlfield tag="008">981103r19881977it            000 1 ita d</controlfield>
        <datafield tag="041" ind1="1" ind2=" ">
            <subfield code="a">ita</subfield>
            <subfield code="h">eng</subfield>
        </datafield>
        <datafield tag="100" ind1="1" ind2=" ">
            <subfield code="a">Tolkien, J. R. R.</subfield>
            <subfield code="q">(John Ronald Reuel),</subfield>
            <subfield code="d">1892-1973.</subfield>
        </datafield>
        <datafield tag="240" ind1="1" ind2="0">
            <subfield code="a">Fellowship of the ring.</subfield>
            <subfield code="l">Italian</subfield>
        </datafield>
        <datafield tag="245" ind1="1" ind2="3">
            <subfield code="a">La compagnia dell'anello /</subfield>
            <subfield code="c">Tolkien ; [traduzione di Vicky Alliata di Villafranca ; edizione italiana a cura di Quirino Principe]</subfield>
        </datafield>
        <datafield tag="246" ind1="1" ind2="5">
            <subfield code="a">Signore degli annelli :</subfield>
            <subfield code="b">trilogia</subfield>
        </datafield>
        <datafield tag="260" ind1=" " ind2=" ">
            <subfield code="a">Milano :</subfield>
            <subfield code="b">Edizioni CDE,</subfield>
            <subfield code="c">1988.</subfield>
        </datafield>
        <datafield tag="300" ind1=" " ind2=" ">
            <subfield code="a">484 p. ;</subfield>
            <subfield code="c">23 cm.</subfield>
        </datafield>
        <datafield tag="500" ind1=" " ind2=" ">
            <subfield code="a">Originally published in English: London, Unwin, 1996. This translation first published: Milan: Rusconi, 1977.</subfield>
        </datafield>
        <datafield tag="700" ind1="1" ind2=" ">
            <subfield code="a">Alliata di Villafranca, Vicky.</subfield>
        </datafield>
        <datafield tag="700" ind1="1" ind2=" ">
            <subfield code="a">Principe, Quirino,</subfield>
            <subfield code="d">1935-</subfield>
        </datafield>
        <datafield tag="800" ind1="1" ind2=" ">
            <subfield code="a">Tolkien, J. R. R.</subfield>
            <subfield code="q">(John Ronald Reuel),</subfield>
            <subfield code="d">1892-1973.</subfield>
            <subfield code="t">Lord of the rings.</subfield>
            <subfield code="l">Italian</subfield>
        </datafield>
        <datafield tag="852" ind1="8" ind2=" ">
            <subfield code="a">UkOxU</subfield>
            <subfield code="b">BODBL</subfield>
            <subfield code="h">M98.F12244</subfield>
        </datafield>
    </record>