
    <record>
        <leader>01042nam a2200301 a 4500</leader>
        <controlfield tag="001">013380311</controlfield>
        <controlfield tag="003">UkOxU</controlfield>
        <controlfield tag="005">19981209105058.0</controlfield>
        <controlfield tag="008">981209s1977    dk            000 1 dan d</controlfield>
        <datafield tag="020" ind1=" " ind2=" ">
            <subfield code="a">8701332619(kpl.)</subfield>
        </datafield>
        <datafield tag="041" ind1="1" ind2=" ">
            <subfield code="a">dan</subfield>
            <subfield code="h">eng</subfield>
        </datafield>
        <datafield tag="100" ind1="1" ind2=" ">
            <subfield code="a">Tolkien, J. R. R.</subfield>
            <subfield code="q">(John Ronald Reuel),</subfield>
            <subfield code="d">1892-1973.</subfield>
        </datafield>
        <datafield tag="240" ind1="1" ind2="0">
            <subfield code="a">Lord of the rings.</subfield>
            <subfield code="l">Danish</subfield>
        </datafield>
        <datafield tag="245" ind1="1" ind2="0">
            <subfield code="a">Ringenes herre /</subfield>
            <subfield code="c">J.R.R. Tolkien ; på dansk ved Ida Nyrop Ludvigsen.</subfield>
        </datafield>
        <datafield tag="250" ind1=" " ind2=" ">
            <subfield code="a">4. udgave, 2. oplag.</subfield>
        </datafield>
        <datafield tag="260" ind1=" " ind2=" ">
            <subfield code="a">København :</subfield>
            <subfield code="b">Gyldendal,</subfield>
            <subfield code="c">1977.</subfield>
        </datafield>
        <datafield tag="300" ind1=" " ind2=" ">
            <subfield code="a">3 v.:</subfield>
            <subfield code="b">maps ;</subfield>
            <subfield code="c">23 cm.</subfield>
        </datafield>
        <datafield tag="500" ind1=" " ind2=" ">
            <subfield code="a">First published in English by George Allen &amp; Unwin in1966.</subfield>
        </datafield>
        <datafield tag="500" ind1=" " ind2=" ">
            <subfield code="a">Translation of: The lord of the rings.</subfield>
        </datafield>
        <datafield tag="500" ind1=" " ind2=" ">
            <subfield code="a">Maps on back covers.</subfield>
        </datafield>
        <datafield tag="505" ind1="0" ind2=" ">
            <subfield code="a">1.Eventyret om ringen -- 2.De to tårne --3.Kongen vender tilbage</subfield>
        </datafield>
        <datafield tag="700" ind1="1" ind2=" ">
            <subfield code="a">Ludvigsen, Ida Nyrop.</subfield>
        </datafield>
        <datafield tag="740" ind1=" " ind2="0">
            <subfield code="a">Eventyret om ringen.</subfield>
        </datafield>
        <datafield tag="740" ind1=" " ind2="0">
            <subfield code="a">De to tårne.</subfield>
        </datafield>
        <datafield tag="740" ind1=" " ind2="0">
            <subfield code="a">Kongen vender tilbage.</subfield>
        </datafield>
        <datafield tag="852" ind1="8" ind2=" ">
            <subfield code="a">UkOxU</subfield>
            <subfield code="b">BODBL</subfield>
            <subfield code="h">M99.F01735</subfield>
        </datafield>
        <datafield tag="852" ind1="8" ind2=" ">
            <subfield code="a">UkOxU</subfield>
            <subfield code="b">BODBL</subfield>
            <subfield code="h">M99.F01736</subfield>
        </datafield>
        <datafield tag="852" ind1="8" ind2=" ">
            <subfield code="a">UkOxU</subfield>
            <subfield code="b">BODBL</subfield>
            <subfield code="h">M99.F01737</subfield>
        </datafield>
    </record>