
    <record>
        <leader>00992nam a2200265 a 4500</leader>
        <controlfield tag="001">013390509</controlfield>
        <controlfield tag="003">UkOxU</controlfield>
        <controlfield tag="005">20001123162117.0</controlfield>
        <controlfield tag="008">990106r19911969gw ab         000 1 ger d</controlfield>
        <datafield tag="020" ind1=" " ind2=" ">
            <subfield code="a">3608955364 (1. T.)</subfield>
        </datafield>
        <datafield tag="020" ind1=" " ind2=" ">
            <subfield code="a">3608955372 (2. T.)</subfield>
        </datafield>
        <datafield tag="041" ind1="1" ind2=" ">
            <subfield code="a">ger</subfield>
            <subfield code="h">eng</subfield>
        </datafield>
        <datafield tag="100" ind1="1" ind2=" ">
            <subfield code="a">Tolkien, J. R. R.</subfield>
            <subfield code="q">(John Ronald Reuel),</subfield>
            <subfield code="d">1892-1973.</subfield>
        </datafield>
        <datafield tag="240" ind1="1" ind2="0">
            <subfield code="a">Lord of the rings.</subfield>
            <subfield code="l">German</subfield>
        </datafield>
        <datafield tag="245" ind1="1" ind2="4">
            <subfield code="a">Der Herr der Ringe /</subfield>
            <subfield code="c">J. R. R. Tolkien ; [aus dem Englischen übersetzt von Margaret Carroux].</subfield>
        </datafield>
        <datafield tag="250" ind1=" " ind2=" ">
            <subfield code="a">3. Aufl. dieser Ausgabe.</subfield>
        </datafield>
        <datafield tag="260" ind1="0" ind2=" ">
            <subfield code="a">Stuttgart :</subfield>
            <subfield code="b">Hobbit Presse/Klett-Cotta,</subfield>
            <subfield code="c">1991-</subfield>
        </datafield>
        <datafield tag="300" ind1=" " ind2=" ">
            <subfield code="a">v. :</subfield>
            <subfield code="b">ill, map ;</subfield>
            <subfield code="c">22 cm.</subfield>
        </datafield>
        <datafield tag="500" ind1=" " ind2=" ">
            <subfield code="a">Folded map tipped in to p. 3 of covers.</subfield>
        </datafield>
        <datafield tag="500" ind1=" " ind2=" ">
            <subfield code="a">First published: 1969.</subfield>
        </datafield>
        <datafield tag="505" ind1="0" ind2=" ">
            <subfield code="a">1. T. Die Gefährten--2. T. Die zwei Türme (4. Aufl.)--</subfield>
        </datafield>
        <datafield tag="546" ind1=" " ind2=" ">
            <subfield code="a">Translation of: The lord of the rings.</subfield>
        </datafield>
        <datafield tag="700" ind1="1" ind2="0">
            <subfield code="a">Carroux, Margaret.</subfield>
        </datafield>
        <datafield tag="852" ind1="8" ind2=" ">
            <subfield code="a">UkOxU</subfield>
            <subfield code="b">BODBL</subfield>
            <subfield code="h">X01.F00248</subfield>
            <subfield code="m">(Box B000000006605)</subfield>
        </datafield>
        <datafield tag="852" ind1="8" ind2=" ">
            <subfield code="a">UkOxU</subfield>
            <subfield code="b">BODBL</subfield>
            <subfield code="h">X01.F00249</subfield>
            <subfield code="m">(Box B000000006605)</subfield>
        </datafield>
    </record>