
    <record>
        <leader>00699nam a2200193 a 4500</leader>
        <controlfield tag="001">013392525</controlfield>
        <controlfield tag="003">UkOxU</controlfield>
        <controlfield tag="005">19990108120818.0</controlfield>
        <controlfield tag="008">990108s1998    fi b          000 1 fin d</controlfield>
        <datafield tag="020" ind1=" " ind2=" ">
            <subfield code="a">9510140988</subfield>
        </datafield>
        <datafield tag="041" ind1="1" ind2=" ">
            <subfield code="a">fin</subfield>
            <subfield code="h">eng</subfield>
        </datafield>
        <datafield tag="100" ind1="1" ind2=" ">
            <subfield code="a">Tolkien, J. R. R.</subfield>
            <subfield code="q">(John Ronald Reuel),</subfield>
            <subfield code="d">1892-1973.</subfield>
        </datafield>
        <datafield tag="240" ind1="1" ind2="0">
            <subfield code="a">Lord of the rings.</subfield>
            <subfield code="l">Finnish</subfield>
        </datafield>
        <datafield tag="245" ind1="1" ind2="0">
            <subfield code="a">Taru sormusten herrasta /</subfield>
            <subfield code="c">J.R.R. Tolkien ; [runot suomentanut Panu Pekkanen]</subfield>
        </datafield>
        <datafield tag="260" ind1=" " ind2=" ">
            <subfield code="a">Porvoo :</subfield>
            <subfield code="b">Werner Söderström Osakeyhtiö,</subfield>
            <subfield code="c">1998</subfield>
        </datafield>
        <datafield tag="300" ind1=" " ind2=" ">
            <subfield code="a">981 p. :</subfield>
            <subfield code="b">map ;</subfield>
            <subfield code="c">20 cm.</subfield>
        </datafield>
        <datafield tag="500" ind1=" " ind2=" ">
            <subfield code="a">Finnish translation of: The Lord of the rings. First published : London: Allen &amp; Unwin, 1954-1955.</subfield>
        </datafield>
        <datafield tag="700" ind1="1" ind2=" ">
            <subfield code="a">Pekkanen, Panu.</subfield>
        </datafield>
        <datafield tag="852" ind1="8" ind2=" ">
            <subfield code="a">UkOxU</subfield>
            <subfield code="b">BODBL</subfield>
            <subfield code="h">M99.G00389</subfield>
        </datafield>
    </record>