
    <record>
        <leader>01251nam a2200301 a 4500</leader>
        <controlfield tag="001">013393981</controlfield>
        <controlfield tag="003">UkOxU</controlfield>
        <controlfield tag="005">20120314112713.0</controlfield>
        <controlfield tag="008">990112r19821973it b          000 1 ita d</controlfield>
        <datafield tag="040" ind1=" " ind2=" ">
            <subfield code="a">UkOxU</subfield>
            <subfield code="b">eng</subfield>
            <subfield code="c">UkOxU</subfield>
        </datafield>
        <datafield tag="041" ind1="1" ind2=" ">
            <subfield code="a">ita</subfield>
            <subfield code="h">eng</subfield>
        </datafield>
        <datafield tag="100" ind1="1" ind2=" ">
            <subfield code="a">Tolkien, J. R. R.</subfield>
            <subfield code="q">(John Ronald Reuel),</subfield>
            <subfield code="d">1892-1973.</subfield>
        </datafield>
        <datafield tag="240" ind1="1" ind2="0">
            <subfield code="a">Lord of the rings.</subfield>
            <subfield code="l">Italian.</subfield>
        </datafield>
        <datafield tag="245" ind1="1" ind2="3">
            <subfield code="a">Il signore degli anelli /</subfield>
            <subfield code="c">John R.R. Tolkien ; [traduzione di Vicky Alliata di Villafranca ; edizione scolastica a cura di Antoinio Lugli].</subfield>
        </datafield>
        <datafield tag="260" ind1=" " ind2=" ">
            <subfield code="a">Novara :</subfield>
            <subfield code="b">Istituto Geografico De Agostini,</subfield>
            <subfield code="c">1982-1983.</subfield>
        </datafield>
        <datafield tag="300" ind1=" " ind2=" ">
            <subfield code="a">3 v. :</subfield>
            <subfield code="b">map ;</subfield>
            <subfield code="c">19 cm.</subfield>
        </datafield>
        <datafield tag="490" ind1="1" ind2=" ">
            <subfield code="a">Collana di narrativa De Agostini per la scuola</subfield>
        </datafield>
        <datafield tag="500" ind1=" " ind2=" ">
            <subfield code="a">Italian translation of: The lord of the rings. This translation first published: Milano : Rusconi, 1973.</subfield>
        </datafield>
        <datafield tag="505" ind1="1" ind2=" ">
            <subfield code="a">[1]. La compagnia dell'anello --[2] Le due torri -- [3] Il ritorno del re.</subfield>
        </datafield>
        <datafield tag="700" ind1="1" ind2=" ">
            <subfield code="a">Alliata di Villafranca, Vicky.</subfield>
        </datafield>
        <datafield tag="700" ind1="1" ind2=" ">
            <subfield code="a">Lugli, Antonio.</subfield>
        </datafield>
        <datafield tag="740" ind1="0" ind2="2">
            <subfield code="a">Compagnia dell'anello</subfield>
        </datafield>
        <datafield tag="740" ind1="0" ind2="2">
            <subfield code="a">Due torri</subfield>
        </datafield>
        <datafield tag="740" ind1="0" ind2="2">
            <subfield code="a">Ritorno del re</subfield>
        </datafield>
        <datafield tag="830" ind1=" " ind2="0">
            <subfield code="a">Collana di narrativa De Agostini per la scuola.</subfield>
        </datafield>
        <datafield tag="852" ind1="8" ind2=" ">
            <subfield code="a">UkOxU</subfield>
            <subfield code="b">BODBL</subfield>
            <subfield code="h">X05.G00779</subfield>
            <subfield code="m">(Box B000000133967)</subfield>
        </datafield>
        <datafield tag="852" ind1="8" ind2=" ">
            <subfield code="a">UkOxU</subfield>
            <subfield code="b">BODBL</subfield>
            <subfield code="h">X05.G00780</subfield>
            <subfield code="m">(Box B000000133967)</subfield>
        </datafield>
        <datafield tag="852" ind1=" " ind2=" ">
            <subfield code="a">UkOxU</subfield>
            <subfield code="b">BODBL</subfield>
        </datafield>
    </record>