
    <record>
        <leader>01060nam a2200253 a 4500</leader>
        <controlfield tag="001">013405678</controlfield>
        <controlfield tag="003">UkOxU</controlfield>
        <controlfield tag="005">20140124132542.0</controlfield>
        <controlfield tag="008">990126s1993    sp h          000 1 spa d</controlfield>
        <datafield tag="020" ind1=" " ind2=" ">
            <subfield code="a">8445071556</subfield>
        </datafield>
        <datafield tag="040" ind1=" " ind2=" ">
            <subfield code="a">UkOxU</subfield>
            <subfield code="b">eng</subfield>
            <subfield code="c">UkOxU</subfield>
        </datafield>
        <datafield tag="041" ind1="1" ind2=" ">
            <subfield code="a">spa</subfield>
            <subfield code="h">eng</subfield>
        </datafield>
        <datafield tag="100" ind1="1" ind2=" ">
            <subfield code="a">Tolkien, J. R. R.</subfield>
            <subfield code="q">(John Ronald Reuel),</subfield>
            <subfield code="d">1892-1973.</subfield>
        </datafield>
        <datafield tag="240" ind1="1" ind2="0">
            <subfield code="a">Return of the shadow.</subfield>
            <subfield code="l">Spanish</subfield>
        </datafield>
        <datafield tag="245" ind1="1" ind2="3">
            <subfield code="a">El retorno de la sombra /</subfield>
            <subfield code="c">J. R. R. Tolkien ; [editado por] Christopher Tolkien ; [traducción de Teresa Gottlieb]</subfield>
        </datafield>
        <datafield tag="260" ind1=" " ind2=" ">
            <subfield code="a">Barcelona :</subfield>
            <subfield code="b">Ediciones Minotauro,</subfield>
            <subfield code="c">1993.</subfield>
        </datafield>
        <datafield tag="300" ind1=" " ind2=" ">
            <subfield code="a">610 p. :</subfield>
            <subfield code="b">ill., facsim. ;</subfield>
            <subfield code="c">20 cm</subfield>
        </datafield>
        <datafield tag="490" ind1="1" ind2=" ">
            <subfield code="a">La Historia de &quot;El señor de los anillos&quot; ;</subfield>
            <subfield code="v">1</subfield>
        </datafield>
        <datafield tag="500" ind1=" " ind2=" ">
            <subfield code="a">Originally published in English as v. 6 of The history of Middle-Earth (London: Unwin Hyman, 1988)</subfield>
        </datafield>
        <datafield tag="504" ind1=" " ind2=" ">
            <subfield code="a">Includes index</subfield>
        </datafield>
        <datafield tag="700" ind1="1" ind2=" ">
            <subfield code="a">Tolkien, Christopher.</subfield>
        </datafield>
        <datafield tag="800" ind1="1" ind2=" ">
            <subfield code="a">Tolkien, J. R. R.</subfield>
            <subfield code="q">(John Ronald Reuel),</subfield>
            <subfield code="d">1892-1973.</subfield>
            <subfield code="t">Lord of the rings.</subfield>
            <subfield code="l">Spanish ;</subfield>
            <subfield code="v">1.</subfield>
        </datafield>
        <datafield tag="852" ind1="8" ind2=" ">
            <subfield code="a">UkOxU</subfield>
            <subfield code="b">BODBL</subfield>
            <subfield code="h">X05.E04196</subfield>
            <subfield code="m">(Box B000000006346)</subfield>
        </datafield>
        <datafield tag="852" ind1="8" ind2=" ">
            <subfield code="a">UkOxU</subfield>
            <subfield code="b">BODBL</subfield>
            <subfield code="h">X99.E00268</subfield>
            <subfield code="m">(Box B000000005277)</subfield>
        </datafield>
    </record>