
    <record>
        <leader>00735nam a2200205 a 4500</leader>
        <controlfield tag="001">013428407</controlfield>
        <controlfield tag="003">UkOxU</controlfield>
        <controlfield tag="005">20051011135431.0</controlfield>
        <controlfield tag="008">990224s1997    enk           000 0 eng d</controlfield>
        <datafield tag="020" ind1=" " ind2=" ">
            <subfield code="a">1572810556 (set)</subfield>
        </datafield>
        <datafield tag="020" ind1=" " ind2=" ">
            <subfield code="a">1572810548 (book)</subfield>
        </datafield>
        <datafield tag="020" ind1=" " ind2=" ">
            <subfield code="a">1572810173 (card pack)</subfield>
        </datafield>
        <datafield tag="245" ind1="0" ind2="4">
            <subfield code="a">The Lord of the rings tarot deck &amp; card game :</subfield>
            <subfield code="b">deck &amp; book set.</subfield>
        </datafield>
        <datafield tag="260" ind1=" " ind2=" ">
            <subfield code="a">Stamford, Conn. :</subfield>
            <subfield code="b">U.S. Games Systems,</subfield>
            <subfield code="c">c1997.</subfield>
        </datafield>
        <datafield tag="300" ind1=" " ind2=" ">
            <subfield code="a">1 book, 1 tarot deck, 1 spread sheet ;</subfield>
            <subfield code="c">in box 18 x 12 x 6 cm.</subfield>
        </datafield>
        <datafield tag="505" ind1="2" ind2=" ">
            <subfield code="a">The Lord of the rings tarot / by Terry Donaldson.</subfield>
        </datafield>
        <datafield tag="650" ind1=" " ind2="0">
            <subfield code="a">Middle Earth (Imaginary place)</subfield>
        </datafield>
        <datafield tag="650" ind1=" " ind2="0">
            <subfield code="a">Tarot.</subfield>
        </datafield>
        <datafield tag="700" ind1="1" ind2=" ">
            <subfield code="a">Donaldson, Terry.</subfield>
            <subfield code="t">Lord of the rings tarot.</subfield>
        </datafield>
        <datafield tag="852" ind1="8" ind2=" ">
            <subfield code="a">UkOxU</subfield>
            <subfield code="b">BODBL</subfield>
            <subfield code="h">X01.G01091</subfield>
            <subfield code="m">(Box B000000133092)</subfield>
        </datafield>
    </record>