
    <record>
        <leader>00765nam a2200193 a 4500</leader>
        <controlfield tag="001">013448485</controlfield>
        <controlfield tag="003">UkOxU</controlfield>
        <controlfield tag="005">19990322184046.0</controlfield>
        <controlfield tag="008">990322s1991    sp b          000 1 spa d</controlfield>
        <datafield tag="020" ind1=" " ind2=" ">
            <subfield code="a">8445071793</subfield>
        </datafield>
        <datafield tag="041" ind1="1" ind2=" ">
            <subfield code="a">spa</subfield>
            <subfield code="h">eng</subfield>
        </datafield>
        <datafield tag="100" ind1="1" ind2=" ">
            <subfield code="a">Tolkien, J. R. R.</subfield>
            <subfield code="q">(John Ronald Reuel),</subfield>
            <subfield code="d">1892-1973.</subfield>
        </datafield>
        <datafield tag="240" ind1="1" ind2="0">
            <subfield code="a">Lord of the rings.</subfield>
            <subfield code="l">Spanish</subfield>
        </datafield>
        <datafield tag="245" ind1="1" ind2="3">
            <subfield code="a">El señor de los anillos /</subfield>
            <subfield code="c">J. R. R. Tolkien ; ilustrado por Alan Lee ; [traducción de Matilde Horne, Luis Domènech y Rubén Masera]</subfield>
        </datafield>
        <datafield tag="260" ind1=" " ind2=" ">
            <subfield code="a">Barcelona :</subfield>
            <subfield code="b">Ediciones Minotauro,</subfield>
            <subfield code="c">1993.</subfield>
        </datafield>
        <datafield tag="300" ind1=" " ind2=" ">
            <subfield code="a">1258 p. :</subfield>
            <subfield code="b">maps ;</subfield>
            <subfield code="c">26 cm.</subfield>
        </datafield>
        <datafield tag="500" ind1=" " ind2=" ">
            <subfield code="a">Spanish translation of: The lord of the rings. Originally published: London, Allen &amp; Unwin, 1966.</subfield>
        </datafield>
        <datafield tag="700" ind1="1" ind2=" ">
            <subfield code="a">Lee, Alan.</subfield>
        </datafield>
        <datafield tag="852" ind1="8" ind2=" ">
            <subfield code="a">UkOxU</subfield>
            <subfield code="b">BODBL</subfield>
            <subfield code="h">X99.D00591</subfield>
            <subfield code="m">(Box B000000004715)</subfield>
        </datafield>
    </record>