
    <record>
        <leader>01242nam a2200289 a 4500</leader>
        <controlfield tag="001">013449864</controlfield>
        <controlfield tag="003">UkOxU</controlfield>
        <controlfield tag="005">20020322143142.0</controlfield>
        <controlfield tag="008">990324r19971990enkab         001 0 eng d</controlfield>
        <datafield tag="020" ind1=" " ind2=" ">
            <subfield code="a">0261102230</subfield>
        </datafield>
        <datafield tag="020" ind1=" " ind2=" ">
            <subfield code="a">0261103709 (set)</subfield>
        </datafield>
        <datafield tag="043" ind1=" " ind2=" ">
            <subfield code="a">e-uk-en</subfield>
        </datafield>
        <datafield tag="100" ind1="1" ind2=" ">
            <subfield code="a">Tolkien, J. R. R.</subfield>
            <subfield code="q">(John Ronald Reuel),</subfield>
            <subfield code="d">1892-1973.</subfield>
        </datafield>
        <datafield tag="245" ind1="1" ind2="4">
            <subfield code="a">The war of the ring :</subfield>
            <subfield code="b">the history of the Lord of the rings, part three /</subfield>
            <subfield code="c">J.R.R. Tolkien ; edited by Christopher Tolkien.</subfield>
        </datafield>
        <datafield tag="246" ind1="3" ind2="3">
            <subfield code="a">History of the Lord of the rings</subfield>
        </datafield>
        <datafield tag="260" ind1=" " ind2=" ">
            <subfield code="a">London :</subfield>
            <subfield code="b">HarperCollins,</subfield>
            <subfield code="c">1997.</subfield>
        </datafield>
        <datafield tag="300" ind1=" " ind2=" ">
            <subfield code="a">xi, 476 p. :</subfield>
            <subfield code="b">ill. ;</subfield>
            <subfield code="c">20 cm.</subfield>
        </datafield>
        <datafield tag="490" ind1="1" ind2=" ">
            <subfield code="a">The history of Middle-earth ;</subfield>
            <subfield code="v">VIII</subfield>
        </datafield>
        <datafield tag="500" ind1=" " ind2=" ">
            <subfield code="a">Originally published: London, Unwin Hyman, 1990.</subfield>
        </datafield>
        <datafield tag="500" ind1=" " ind2=" ">
            <subfield code="a">Also issued as part of a 4 vol. set in slip-case with slip-case title: The history of the Lord of the rings.</subfield>
        </datafield>
        <datafield tag="504" ind1=" " ind2=" ">
            <subfield code="a">Includes index.</subfield>
        </datafield>
        <datafield tag="600" ind1="1" ind2="0">
            <subfield code="a">Tolkien, J. R. R.</subfield>
            <subfield code="q">(John Ronald Reuel),</subfield>
            <subfield code="d">1892-1973.</subfield>
            <subfield code="t">Lord of the rings</subfield>
            <subfield code="x">Criticism, Textual.</subfield>
        </datafield>
        <datafield tag="650" ind1=" " ind2="0">
            <subfield code="a">Middle Earth (Imaginary place).</subfield>
        </datafield>
        <datafield tag="700" ind1="1" ind2=" ">
            <subfield code="a">Tolkien, Christopher.</subfield>
        </datafield>
        <datafield tag="800" ind1="1" ind2=" ">
            <subfield code="a">Tolkien, Christopher.</subfield>
            <subfield code="t">History of Middle-Earth ;</subfield>
            <subfield code="v">8.</subfield>
        </datafield>
        <datafield tag="852" ind1="8" ind2=" ">
            <subfield code="a">UkOxU</subfield>
            <subfield code="b">BODBL</subfield>
            <subfield code="h">X02.G01860</subfield>
            <subfield code="m">(Box B000000133206)</subfield>
        </datafield>
        <datafield tag="852" ind1="8" ind2=" ">
            <subfield code="a">UkOxU</subfield>
            <subfield code="b">BODBL</subfield>
            <subfield code="h">X99.G01387</subfield>
            <subfield code="m">(Box B000000132822)</subfield>
        </datafield>
    </record>