
    <record>
        <leader>01059nam a2200253 a 4500</leader>
        <controlfield tag="001">013455760</controlfield>
        <controlfield tag="003">UkOxU</controlfield>
        <controlfield tag="005">20051011144720.0</controlfield>
        <controlfield tag="008">990331q19771983po            000 1 por d</controlfield>
        <datafield tag="100" ind1="1" ind2=" ">
            <subfield code="a">Tolkien, J. R. R.</subfield>
            <subfield code="q">(John Ronald Reuel),</subfield>
            <subfield code="d">1892-1973.</subfield>
        </datafield>
        <datafield tag="240" ind1="1" ind2="0">
            <subfield code="a">Lord of the rings.</subfield>
            <subfield code="l">Portuguese.</subfield>
        </datafield>
        <datafield tag="245" ind1="1" ind2="2">
            <subfield code="a">O senhor dos anéis :</subfield>
            <subfield code="b">romance /</subfield>
            <subfield code="c">J.R.R. Tolkien ; [tradução de Fernanda Pinto Rodrigues]</subfield>
        </datafield>
        <datafield tag="260" ind1=" " ind2=" ">
            <subfield code="a">[Mem Martins] :</subfield>
            <subfield code="b">Publicações Europa-América,</subfield>
            <subfield code="c">[ca. 1980?]</subfield>
        </datafield>
        <datafield tag="300" ind1=" " ind2=" ">
            <subfield code="a">3 v. ;</subfield>
            <subfield code="c">21 cm.</subfield>
        </datafield>
        <datafield tag="500" ind1=" " ind2=" ">
            <subfield code="a">Portuguese translation of: The lord of the rings. Originally published: London : Allen &amp; Unwin, 1966.</subfield>
        </datafield>
        <datafield tag="505" ind1="0" ind2=" ">
            <subfield code="a">I. A irmandade do anel -- II. As duas torres -- III. O regresso do rei.</subfield>
        </datafield>
        <datafield tag="740" ind1="0" ind2="2">
            <subfield code="a">Irmandade do anel</subfield>
        </datafield>
        <datafield tag="740" ind1="0" ind2="2">
            <subfield code="a">Duas torres</subfield>
        </datafield>
        <datafield tag="740" ind1="0" ind2="2">
            <subfield code="a">Regresso do rei</subfield>
        </datafield>
        <datafield tag="700" ind1="1" ind2=" ">
            <subfield code="a">Rodrigues, Fernanda Pinto.</subfield>
        </datafield>
        <datafield tag="830" ind1=" " ind2="0">
            <subfield code="a">Colecção Século XX ;</subfield>
            <subfield code="v">180-182.</subfield>
        </datafield>
        <datafield tag="852" ind1="8" ind2=" ">
            <subfield code="a">UkOxU</subfield>
            <subfield code="b">BODBL</subfield>
            <subfield code="h">X99.F02398</subfield>
            <subfield code="m">(Box B000000006410)</subfield>
        </datafield>
        <datafield tag="852" ind1="8" ind2=" ">
            <subfield code="a">UkOxU</subfield>
            <subfield code="b">BODBL</subfield>
            <subfield code="h">X99.F02399</subfield>
            <subfield code="m">(Box B000000006411)</subfield>
        </datafield>
        <datafield tag="852" ind1="8" ind2=" ">
            <subfield code="a">UkOxU</subfield>
            <subfield code="b">BODBL</subfield>
            <subfield code="h">X99.F02400</subfield>
            <subfield code="m">(Box B000000006411)</subfield>
        </datafield>
    </record>