
    <record>
        <leader>00463nam a22001573a 4500</leader>
        <controlfield tag="001">013476200</controlfield>
        <controlfield tag="003">UkOxU</controlfield>
        <controlfield tag="005">19990428153131.0</controlfield>
        <controlfield tag="008">990428s1965    nyu           000 1 eng d</controlfield>
        <datafield tag="100" ind1="1" ind2=" ">
            <subfield code="a">Tolkien, J. R. R.</subfield>
            <subfield code="q">(John Ronald Reuel),</subfield>
            <subfield code="d">1892-1973.</subfield>
        </datafield>
        <datafield tag="245" ind1="1" ind2="4">
            <subfield code="a">The Lord of the rings.</subfield>
        </datafield>
        <datafield tag="250" ind1=" " ind2=" ">
            <subfield code="a">Authorized ed.</subfield>
        </datafield>
        <datafield tag="260" ind1=" " ind2=" ">
            <subfield code="a">New York :</subfield>
            <subfield code="b">Ballantine books,</subfield>
            <subfield code="c">1965.</subfield>
        </datafield>
        <datafield tag="300" ind1=" " ind2=" ">
            <subfield code="a">3 v ;</subfield>
            <subfield code="c">17 cm.</subfield>
        </datafield>
        <datafield tag="830" ind1=" " ind2="0">
            <subfield code="a">Ballantine Books ;</subfield>
            <subfield code="v">U7040 - U7042</subfield>
        </datafield>
        <datafield tag="852" ind1="8" ind2=" ">
            <subfield code="a">UkOxU</subfield>
            <subfield code="b">BODBL</subfield>
            <subfield code="h">25615 e.17008</subfield>
        </datafield>
    </record>