
    <record>
        <leader>00665cam a22001932a 4500</leader>
        <controlfield tag="001">013476226</controlfield>
        <controlfield tag="003">UkOxU</controlfield>
        <controlfield tag="005">19990428154342.0</controlfield>
        <controlfield tag="008">840718q19601969nyu           00011 eng d</controlfield>
        <datafield tag="035" ind1=" " ind2=" ">
            <subfield code="a">(CStRLIN)ILNGACX3411-B</subfield>
        </datafield>
        <datafield tag="040" ind1=" " ind2=" ">
            <subfield code="a">IEN</subfield>
            <subfield code="d">CStRLIN</subfield>
        </datafield>
        <datafield tag="100" ind1="1" ind2=" ">
            <subfield code="a">Tolkien, J. R. R.</subfield>
            <subfield code="q">(John Ronald Reuel),</subfield>
            <subfield code="d">1892-1973.</subfield>
        </datafield>
        <datafield tag="245" ind1="1" ind2="4">
            <subfield code="a">The two towers /</subfield>
            <subfield code="c">J.R.R. Tolkien.</subfield>
        </datafield>
        <datafield tag="260" ind1="0" ind2=" ">
            <subfield code="a">New York, N.Y. :</subfield>
            <subfield code="b">Ace Books,</subfield>
            <subfield code="c">[196-]</subfield>
        </datafield>
        <datafield tag="300" ind1=" " ind2=" ">
            <subfield code="a">381 p. ;</subfield>
            <subfield code="c">18 cm.</subfield>
        </datafield>
        <datafield tag="490" ind1="1" ind2=" ">
            <subfield code="a">Lord of the rings / J.R.R. Tolkien ;</subfield>
            <subfield code="v">2</subfield>
        </datafield>
        <datafield tag="490" ind1="0" ind2=" ">
            <subfield code="a">Ace science fiction classic ;</subfield>
            <subfield code="v">A-5</subfield>
        </datafield>
        <datafield tag="800" ind1="1" ind2=" ">
            <subfield code="a">Tolkien, J. R. R.</subfield>
            <subfield code="q">(John Ronald Reuel),</subfield>
            <subfield code="d">1892-1973.</subfield>
            <subfield code="t">Lord of the rings ;</subfield>
            <subfield code="v">2</subfield>
        </datafield>
        <datafield tag="852" ind1="8" ind2=" ">
            <subfield code="a">UkOxU</subfield>
            <subfield code="b">BODBL</subfield>
            <subfield code="h">Rec. e.435</subfield>
            <subfield code="m">v.2</subfield>
        </datafield>
    </record>