
    <record>
        <leader>00694nam a2200193 a 4500</leader>
        <controlfield tag="001">013609074</controlfield>
        <controlfield tag="003">UkOxU</controlfield>
        <controlfield tag="005">20021209120722.0</controlfield>
        <controlfield tag="008">990708s1981    sw            000 1 swe d</controlfield>
        <datafield tag="020" ind1=" " ind2=" ">
            <subfield code="a">9120065876</subfield>
        </datafield>
        <datafield tag="041" ind1="1" ind2=" ">
            <subfield code="a">swe</subfield>
            <subfield code="h">eng</subfield>
        </datafield>
        <datafield tag="100" ind1="1" ind2=" ">
            <subfield code="a">Tolkien, J. R. R.</subfield>
            <subfield code="q">(John Ronald Reuel),</subfield>
            <subfield code="d">1892-1973.</subfield>
        </datafield>
        <datafield tag="240" ind1="1" ind2="0">
            <subfield code="a">Lord of the rings.</subfield>
            <subfield code="l">Swedish.</subfield>
        </datafield>
        <datafield tag="245" ind1="1" ind2="0">
            <subfield code="a">Trilogin om Härskarringen /</subfield>
            <subfield code="c">J.R.R. Tolkien ; till svenska av Åke Ohlmarks.</subfield>
        </datafield>
        <datafield tag="260" ind1=" " ind2=" ">
            <subfield code="a">[Stockholm]:</subfield>
            <subfield code="b">AWE / Gebers,</subfield>
            <subfield code="c">1981.</subfield>
        </datafield>
        <datafield tag="300" ind1=" " ind2=" ">
            <subfield code="a">1221 p. :</subfield>
            <subfield code="b">maps ;</subfield>
            <subfield code="c">21 cm.</subfield>
        </datafield>
        <datafield tag="500" ind1=" " ind2=" ">
            <subfield code="a">Orig. publ. by George Allen &amp; Unwin under the title : The Lord of the Rings.</subfield>
        </datafield>
        <datafield tag="700" ind1="1" ind2=" ">
            <subfield code="a">Ohlmarks, Åke,</subfield>
            <subfield code="d">1911-</subfield>
        </datafield>
        <datafield tag="852" ind1="8" ind2=" ">
            <subfield code="a">UkOxU</subfield>
            <subfield code="b">BODBL</subfield>
            <subfield code="h">X99.G05366</subfield>
            <subfield code="m">(Box B000000132918)</subfield>
        </datafield>
    </record>