
    <record>
        <leader>00805nam a2200241 a 4500</leader>
        <controlfield tag="001">013713685</controlfield>
        <controlfield tag="003">UkOxU</controlfield>
        <controlfield tag="005">20050411174048.0</controlfield>
        <controlfield tag="008">870409s1981    hu b          000 1 hun d</controlfield>
        <datafield tag="020" ind1=" " ind2=" ">
            <subfield code="a">9632809653</subfield>
        </datafield>
        <datafield tag="035" ind1=" " ind2=" ">
            <subfield code="a">(OCoLC)ocm41736703</subfield>
        </datafield>
        <datafield tag="040" ind1=" " ind2=" ">
            <subfield code="a">WaS</subfield>
            <subfield code="c">UOK</subfield>
        </datafield>
        <datafield tag="041" ind1="1" ind2=" ">
            <subfield code="a">hun</subfield>
            <subfield code="h">eng</subfield>
        </datafield>
        <datafield tag="100" ind1="1" ind2=" ">
            <subfield code="a">Tolkien, J. R. R.</subfield>
            <subfield code="q">(John Ronald Reuel),</subfield>
            <subfield code="d">1892-1973.</subfield>
        </datafield>
        <datafield tag="240" ind1="1" ind2="0">
            <subfield code="a">Lord of the rings.</subfield>
            <subfield code="l">Hungarian</subfield>
        </datafield>
        <datafield tag="245" ind1="1" ind2="2">
            <subfield code="a">A Gyűrűk Ura.</subfield>
            <subfield code="n">3,</subfield>
            <subfield code="p">A király visszatér /</subfield>
            <subfield code="c">J.R.R. Tolkien ; [fordította Göncz Árpád ... et al.].</subfield>
        </datafield>
        <datafield tag="260" ind1=" " ind2=" ">
            <subfield code="a">Budapest :</subfield>
            <subfield code="b">Gondolat,</subfield>
            <subfield code="c">1981.</subfield>
        </datafield>
        <datafield tag="300" ind1=" " ind2=" ">
            <subfield code="a">426 p. :</subfield>
            <subfield code="b">map ;</subfield>
            <subfield code="c">22 cm.</subfield>
        </datafield>
        <datafield tag="500" ind1=" " ind2=" ">
            <subfield code="a">Translation of: The return of the king.</subfield>
        </datafield>
        <datafield tag="700" ind1="1" ind2=" ">
            <subfield code="a">Göncz, Árpád.</subfield>
        </datafield>
        <datafield tag="740" ind1="4" ind2=" ">
            <subfield code="a">The return of the king</subfield>
        </datafield>
        <datafield tag="740" ind1="2" ind2=" ">
            <subfield code="a">A király visszatér</subfield>
        </datafield>
        <datafield tag="852" ind1="8" ind2=" ">
            <subfield code="a">UkOxU</subfield>
            <subfield code="b">BODBL</subfield>
            <subfield code="h">X00.F00568</subfield>
            <subfield code="m">(Box B000000006499)</subfield>
        </datafield>
    </record>