
    <record>
        <leader>00904cam a2200253 a 4500</leader>
        <controlfield tag="001">013714093</controlfield>
        <controlfield tag="003">UkOxU</controlfield>
        <controlfield tag="005">20050411174217.0</controlfield>
        <controlfield tag="008">820506m19611963pl            000 1 pol d</controlfield>
        <datafield tag="041" ind1="1" ind2=" ">
            <subfield code="a">pol</subfield>
            <subfield code="h">eng</subfield>
        </datafield>
        <datafield tag="100" ind1="1" ind2=" ">
            <subfield code="a">Tolkien, J. R. R.</subfield>
            <subfield code="q">(John Ronald Reuel),</subfield>
            <subfield code="d">1892-1973.</subfield>
        </datafield>
        <datafield tag="240" ind1="1" ind2="0">
            <subfield code="a">Lord of the rings.</subfield>
            <subfield code="l">Polish</subfield>
        </datafield>
        <datafield tag="245" ind1="1" ind2="0">
            <subfield code="a">Władca pierścieni /</subfield>
            <subfield code="c">J.R.R. Tolkien ; tłumaczyła Maria Skibniewska.</subfield>
        </datafield>
        <datafield tag="260" ind1=" " ind2=" ">
            <subfield code="a">Warszawa :</subfield>
            <subfield code="b">Czytelnik,</subfield>
            <subfield code="c">1961-63.</subfield>
        </datafield>
        <datafield tag="300" ind1=" " ind2=" ">
            <subfield code="a">3 v. ;</subfield>
            <subfield code="c">20 cm.</subfield>
        </datafield>
        <datafield tag="500" ind1=" " ind2=" ">
            <subfield code="a">Translation of the trilogy: The Lord of the rings.</subfield>
        </datafield>
        <datafield tag="505" ind1="0" ind2=" ">
            <subfield code="a">t. 1. Wyprawa -- t. 2. Dwie wieże -- t. 3. Powrót Króla.</subfield>
        </datafield>
        <datafield tag="700" ind1="1" ind2=" ">
            <subfield code="a">Skibniewska, Maria.</subfield>
        </datafield>
        <datafield tag="740" ind1="0" ind2=" ">
            <subfield code="a">Wyprawa.</subfield>
        </datafield>
        <datafield tag="740" ind1="0" ind2=" ">
            <subfield code="a">Dwie wieże</subfield>
        </datafield>
        <datafield tag="740" ind1="0" ind2=" ">
            <subfield code="a">Powrót Króla.</subfield>
        </datafield>
        <datafield tag="852" ind1="8" ind2=" ">
            <subfield code="a">UkOxU</subfield>
            <subfield code="b">BODBL</subfield>
            <subfield code="h">X00.G00574</subfield>
            <subfield code="m">\ (Box B000000132967)</subfield>
        </datafield>
        <datafield tag="852" ind1="8" ind2=" ">
            <subfield code="a">UkOxU</subfield>
            <subfield code="b">BODBL</subfield>
            <subfield code="h">X00.G00573</subfield>
            <subfield code="m">(Box B000000132967)</subfield>
        </datafield>
        <datafield tag="852" ind1="8" ind2=" ">
            <subfield code="a">UkOxU</subfield>
            <subfield code="b">BODBL</subfield>
            <subfield code="h">X00.G00575</subfield>
            <subfield code="m">(Box B000000132967)</subfield>
        </datafield>
    </record>