
    <record>
        <leader>00681cam a2200193 a 4500</leader>
        <controlfield tag="001">013715391</controlfield>
        <controlfield tag="003">UkOxU</controlfield>
        <controlfield tag="005">20050411174233.0</controlfield>
        <controlfield tag="008">820506s1992    pl            000 1 pol d</controlfield>
        <datafield tag="020" ind1=" " ind2=" ">
            <subfield code="a">838553511X</subfield>
        </datafield>
        <datafield tag="041" ind1="1" ind2=" ">
            <subfield code="a">pol</subfield>
            <subfield code="h">eng</subfield>
        </datafield>
        <datafield tag="100" ind1="1" ind2=" ">
            <subfield code="a">Tolkien, J. R. R.</subfield>
            <subfield code="q">(John Ronald Reuel),</subfield>
            <subfield code="d">1892-1973.</subfield>
        </datafield>
        <datafield tag="240" ind1="1" ind2="0">
            <subfield code="a">Lord of the rings.</subfield>
            <subfield code="l">Polish</subfield>
        </datafield>
        <datafield tag="245" ind1="1" ind2="0">
            <subfield code="a">Władca pierścieni /</subfield>
            <subfield code="c">J.R.R. Tolkien ; z ilustracjami Alana Lee, w przekładzie Marii Skibniewskiej.</subfield>
        </datafield>
        <datafield tag="260" ind1=" " ind2=" ">
            <subfield code="a">Warszawa :</subfield>
            <subfield code="b">Atlantis,</subfield>
            <subfield code="c">1992.</subfield>
        </datafield>
        <datafield tag="300" ind1=" " ind2=" ">
            <subfield code="a">768 :</subfield>
            <subfield code="b">col. ill.;</subfield>
            <subfield code="c">30 cm.</subfield>
        </datafield>
        <datafield tag="500" ind1=" " ind2=" ">
            <subfield code="a">Translation of the trilogy: The Lord of the rings.</subfield>
        </datafield>
        <datafield tag="700" ind1="1" ind2=" ">
            <subfield code="a">Skibniewska, Maria.</subfield>
        </datafield>
        <datafield tag="852" ind1="8" ind2=" ">
            <subfield code="a">UkOxU</subfield>
            <subfield code="b">BODBL</subfield>
            <subfield code="h">X00.C00104</subfield>
            <subfield code="m">(Box B000000003997)</subfield>
        </datafield>
    </record>