
    <record>
        <leader>00921nam a2200265 a 4500</leader>
        <controlfield tag="001">013723969</controlfield>
        <controlfield tag="003">UkOxU</controlfield>
        <controlfield tag="005">20070511141145.0</controlfield>
        <controlfield tag="008">000127s199u    rb            001 1 hrv d</controlfield>
        <datafield tag="100" ind1="1" ind2=" ">
            <subfield code="a">Tolkien, J. R. R.</subfield>
            <subfield code="q">(John Ronald Reuel),</subfield>
            <subfield code="d">1892-1973.</subfield>
        </datafield>
        <datafield tag="240" ind1="1" ind2="0">
            <subfield code="a">Lord of the rings.</subfield>
            <subfield code="l">Serbo-Croatian.</subfield>
        </datafield>
        <datafield tag="245" ind1="1" ind2="0">
            <subfield code="a">Gospodar prstenova /</subfield>
            <subfield code="c">Dž.R.R. Tolkin.</subfield>
        </datafield>
        <datafield tag="250" ind1=" " ind2=" ">
            <subfield code="a">2 izd.</subfield>
        </datafield>
        <datafield tag="260" ind1=" " ind2=" ">
            <subfield code="a">Beograd :</subfield>
            <subfield code="b">Stilos,</subfield>
            <subfield code="c">[199?]</subfield>
        </datafield>
        <datafield tag="300" ind1=" " ind2=" ">
            <subfield code="a">3 v. ;</subfield>
            <subfield code="c">21 cm.</subfield>
        </datafield>
        <datafield tag="500" ind1=" " ind2=" ">
            <subfield code="a">Published in 3-volume boxed set.</subfield>
        </datafield>
        <datafield tag="504" ind1=" " ind2=" ">
            <subfield code="a">Includes index.</subfield>
        </datafield>
        <datafield tag="505" ind1="0" ind2=" ">
            <subfield code="a">Knj. 1. Družina prstena -- knj. 2. Dve kule -- knj. 3. Dovratak kralja.</subfield>
        </datafield>
        <datafield tag="546" ind1=" " ind2=" ">
            <subfield code="a">In Serbo-Croatian;</subfield>
            <subfield code="b">Roman alphabet.</subfield>
        </datafield>
        <datafield tag="740" ind1="0" ind2="2">
            <subfield code="a">Družina prstena.</subfield>
        </datafield>
        <datafield tag="740" ind1="0" ind2="2">
            <subfield code="a">Dve kule.</subfield>
        </datafield>
        <datafield tag="740" ind1="0" ind2="2">
            <subfield code="a">Dovratak kralja.</subfield>
        </datafield>
        <datafield tag="852" ind1="8" ind2=" ">
            <subfield code="a">UkOxU</subfield>
            <subfield code="b">BODBL</subfield>
            <subfield code="h">X00.F01753</subfield>
            <subfield code="m">(Box B000000006517)</subfield>
        </datafield>
        <datafield tag="852" ind1="8" ind2=" ">
            <subfield code="a">UkOxU</subfield>
            <subfield code="b">BODBL</subfield>
            <subfield code="h">X00.F01754</subfield>
            <subfield code="m">(Box B000000006517)</subfield>
        </datafield>
        <datafield tag="852" ind1="8" ind2=" ">
            <subfield code="a">UkOxU</subfield>
            <subfield code="b">BODBL</subfield>
            <subfield code="h">X00.F01755</subfield>
            <subfield code="m">(Box B000000006517)</subfield>
        </datafield>
    </record>