
    <record>
        <leader>01083nam a2200277 a 4500</leader>
        <controlfield tag="001">013724008</controlfield>
        <controlfield tag="003">UkOxU</controlfield>
        <controlfield tag="005">20070511141203.0</controlfield>
        <controlfield tag="008">000127s1981    rb            001 1 hrv d</controlfield>
        <datafield tag="100" ind1="1" ind2=" ">
            <subfield code="a">Tolkien, J. R. R.</subfield>
            <subfield code="q">(John Ronald Reuel),</subfield>
            <subfield code="d">1892-1973.</subfield>
        </datafield>
        <datafield tag="240" ind1="1" ind2="0">
            <subfield code="a">Lord of the rings.</subfield>
            <subfield code="l">Serbo-Croatian.</subfield>
        </datafield>
        <datafield tag="245" ind1="1" ind2="0">
            <subfield code="a">Gospodar prstenova /</subfield>
            <subfield code="c">Dž.R.R. Tolkin ; preveo Zoran Stanojević ; predgovor Vlada Urošević.</subfield>
        </datafield>
        <datafield tag="260" ind1=" " ind2=" ">
            <subfield code="a">Beograd :</subfield>
            <subfield code="b">Nolit,</subfield>
            <subfield code="c">1981.</subfield>
        </datafield>
        <datafield tag="300" ind1=" " ind2=" ">
            <subfield code="a">3 v. :</subfield>
            <subfield code="b">col. ill., col. maps ;</subfield>
            <subfield code="c">21 cm.</subfield>
        </datafield>
        <datafield tag="500" ind1=" " ind2=" ">
            <subfield code="a">Map on 1 folded leaf pasted in endpapers of each vol.</subfield>
        </datafield>
        <datafield tag="504" ind1=" " ind2=" ">
            <subfield code="a">Includes index.</subfield>
        </datafield>
        <datafield tag="505" ind1="0" ind2=" ">
            <subfield code="a">Knj. 1. Družina prstena -- knj. 2. Dve kule -- knj. 3. Dovratak kralja.</subfield>
        </datafield>
        <datafield tag="546" ind1=" " ind2=" ">
            <subfield code="a">In Serbo-Croatian;</subfield>
            <subfield code="b">Roman alphabet.</subfield>
        </datafield>
        <datafield tag="700" ind1="1" ind2=" ">
            <subfield code="a">Stanojević, Zoran,</subfield>
            <subfield code="d">1942-</subfield>
        </datafield>
        <datafield tag="700" ind1="1" ind2=" ">
            <subfield code="a">Uroševiḱ, Vlada,</subfield>
            <subfield code="d">1934-</subfield>
        </datafield>
        <datafield tag="740" ind1="0" ind2="2">
            <subfield code="a">Družina prstena.</subfield>
        </datafield>
        <datafield tag="740" ind1="0" ind2="2">
            <subfield code="a">Dve kule.</subfield>
        </datafield>
        <datafield tag="740" ind1="0" ind2="2">
            <subfield code="a">Dovratak kralja.</subfield>
        </datafield>
        <datafield tag="852" ind1="8" ind2=" ">
            <subfield code="a">UkOxU</subfield>
            <subfield code="b">BODBL</subfield>
            <subfield code="h">X00.G00936</subfield>
            <subfield code="m">(Box B000000132973)</subfield>
        </datafield>
        <datafield tag="852" ind1="8" ind2=" ">
            <subfield code="a">UkOxU</subfield>
            <subfield code="b">BODBL</subfield>
            <subfield code="h">X00.G00937</subfield>
            <subfield code="m">(Box B000000132974)</subfield>
        </datafield>
        <datafield tag="852" ind1="8" ind2=" ">
            <subfield code="a">UkOxU</subfield>
            <subfield code="b">BODBL</subfield>
            <subfield code="h">X00.G00938</subfield>
            <subfield code="m">(Box B000000132974)</subfield>
        </datafield>
    </record>