
    <record>
        <leader>00951nam a2200265 a 4500</leader>
        <controlfield tag="001">013724094</controlfield>
        <controlfield tag="003">UkOxU</controlfield>
        <controlfield tag="005">20070511141222.0</controlfield>
        <controlfield tag="008">000127s1995    ci            000 1 hrv d</controlfield>
        <datafield tag="020" ind1=" " ind2=" ">
            <subfield code="a">9536166054 (set)</subfield>
        </datafield>
        <datafield tag="020" ind1=" " ind2=" ">
            <subfield code="a">9536166119 (sv.1)</subfield>
        </datafield>
        <datafield tag="020" ind1=" " ind2=" ">
            <subfield code="a">9536166127 (sv.2)</subfield>
        </datafield>
        <datafield tag="020" ind1=" " ind2=" ">
            <subfield code="a">9536166135 (sv.3)</subfield>
        </datafield>
        <datafield tag="100" ind1="1" ind2=" ">
            <subfield code="a">Tolkien, J. R. R.</subfield>
            <subfield code="q">(John Ronald Reuel),</subfield>
            <subfield code="d">1892-1973.</subfield>
        </datafield>
        <datafield tag="240" ind1="1" ind2="0">
            <subfield code="a">Lord of the rings.</subfield>
            <subfield code="l">Serbo-Croatian.</subfield>
        </datafield>
        <datafield tag="245" ind1="1" ind2="0">
            <subfield code="a">Gospodar prstenova /</subfield>
            <subfield code="c">Dž.R.R. Tolkin ; u prijevodu Zlatka Crnkovića.</subfield>
        </datafield>
        <datafield tag="260" ind1=" " ind2=" ">
            <subfield code="a">Zagreb :</subfield>
            <subfield code="b">Algoritam,</subfield>
            <subfield code="c">1995.</subfield>
        </datafield>
        <datafield tag="300" ind1=" " ind2=" ">
            <subfield code="a">3 v. :</subfield>
            <subfield code="b">col. port., 4 col. ill., col. map on 1 folded leaf ;</subfield>
            <subfield code="c">24 cm.</subfield>
        </datafield>
        <datafield tag="505" ind1="0" ind2=" ">
            <subfield code="a">Dio 1. Prstenova družina -- dio 2. Dve kule -- dio 3. Dovratak kralja.</subfield>
        </datafield>
        <datafield tag="546" ind1=" " ind2=" ">
            <subfield code="a">In Serbo-Croatian;</subfield>
            <subfield code="b">Roman alphabet.</subfield>
        </datafield>
        <datafield tag="700" ind1="1" ind2=" ">
            <subfield code="a">Crnković, Zlatko.</subfield>
        </datafield>
        <datafield tag="740" ind1="0" ind2="2">
            <subfield code="a">Prstenova družina.</subfield>
        </datafield>
        <datafield tag="740" ind1="0" ind2="2">
            <subfield code="a">Dve kule.</subfield>
        </datafield>
        <datafield tag="740" ind1="0" ind2="2">
            <subfield code="a">Dovratak kralja.</subfield>
        </datafield>
        <datafield tag="852" ind1="8" ind2=" ">
            <subfield code="a">UkOxU</subfield>
            <subfield code="b">BODBL</subfield>
            <subfield code="h">X00.E02255</subfield>
            <subfield code="m">(Box B000000005473)</subfield>
        </datafield>
    </record>