
    <record>
        <leader>00673pam a2200181 a 4500</leader>
        <controlfield tag="001">013749905</controlfield>
        <controlfield tag="003">UkOxU</controlfield>
        <controlfield tag="005">20000306104404.0</controlfield>
        <controlfield tag="008">000306s1965    mau           000 1 eng d</controlfield>
        <datafield tag="020" ind1=" " ind2=" ">
            <subfield code="a">0395082544</subfield>
        </datafield>
        <datafield tag="100" ind1="1" ind2=" ">
            <subfield code="a">Tolkien, J. R. R.</subfield>
            <subfield code="q">(John Ronald Reuel),</subfield>
            <subfield code="d">1892-1973.</subfield>
        </datafield>
        <datafield tag="245" ind1="1" ind2="4">
            <subfield code="a">The fellowship of the ring :</subfield>
            <subfield code="b">being the first part of The Lord of the Rings /</subfield>
            <subfield code="c">by J.R.R. Tolkien.</subfield>
        </datafield>
        <datafield tag="250" ind1=" " ind2=" ">
            <subfield code="a">2nd ed.</subfield>
        </datafield>
        <datafield tag="260" ind1=" " ind2=" ">
            <subfield code="a">Boston :</subfield>
            <subfield code="b">Houghton Mifflin Company,</subfield>
            <subfield code="c">c1965.</subfield>
        </datafield>
        <datafield tag="300" ind1=" " ind2=" ">
            <subfield code="a">423 p. :</subfield>
            <subfield code="b">ill., maps ;</subfield>
            <subfield code="c">23 cm.</subfield>
        </datafield>
        <datafield tag="490" ind1="1" ind2=" ">
            <subfield code="a">The Lord of the Rings ;</subfield>
            <subfield code="v">pt. I</subfield>
        </datafield>
        <datafield tag="800" ind1="1" ind2=" ">
            <subfield code="a">Tolkien, J. R. R.</subfield>
            <subfield code="q">(John Ronald Reuel),</subfield>
            <subfield code="d">1892-1973.</subfield>
            <subfield code="t">Lord of the rings ;</subfield>
            <subfield code="v">pt. 1.</subfield>
        </datafield>
        <datafield tag="852" ind1=" " ind2=" ">
            <subfield code="a">UkOxU</subfield>
            <subfield code="b">BODBL</subfield>
            <subfield code="h">X00.E02138</subfield>
        </datafield>
    </record>