
    <record>
        <leader>00715nam a2200181 a 4500</leader>
        <controlfield tag="001">013819711</controlfield>
        <controlfield tag="003">UkOxU</controlfield>
        <controlfield tag="005">20000627122519.0</controlfield>
        <controlfield tag="008">000627r19711966bcc           000 1 eng d</controlfield>
        <datafield tag="100" ind1="1" ind2=" ">
            <subfield code="a">Tolkien, J. R. R.</subfield>
            <subfield code="q">(John Ronald Reuel),</subfield>
            <subfield code="d">1892-1973.</subfield>
        </datafield>
        <datafield tag="245" ind1="1" ind2="4">
            <subfield code="a">The two towers :</subfield>
            <subfield code="b">being the second part of the Lord of the rings /</subfield>
            <subfield code="c">by J.R.R. Tolkien.</subfield>
        </datafield>
        <datafield tag="260" ind1=" " ind2=" ">
            <subfield code="a">Toronto ;</subfield>
            <subfield code="a">London :</subfield>
            <subfield code="b">Methuen,</subfield>
            <subfield code="c">1971.</subfield>
        </datafield>
        <datafield tag="300" ind1=" " ind2=" ">
            <subfield code="a">352 p. ;</subfield>
            <subfield code="c">18 cm.</subfield>
        </datafield>
        <datafield tag="490" ind1="1" ind2=" ">
            <subfield code="a">Lord of the rings</subfield>
        </datafield>
        <datafield tag="500" ind1=" " ind2=" ">
            <subfield code="a">&quot;Authorized Canadian Ed.&quot; -- Cover.</subfield>
        </datafield>
        <datafield tag="500" ind1=" " ind2=" ">
            <subfield code="a">2nd ed. First published: George Allen &amp; Unwin,1966.</subfield>
        </datafield>
        <datafield tag="800" ind1="1" ind2=" ">
            <subfield code="a">Tolkien, J. R. R.</subfield>
            <subfield code="q">(John Ronald Reuel),</subfield>
            <subfield code="d">1892-1973.</subfield>
            <subfield code="t">Lord of the rings (1971)</subfield>
        </datafield>
        <datafield tag="852" ind1="8" ind2=" ">
            <subfield code="a">UkOxU</subfield>
            <subfield code="b">BODBL</subfield>
            <subfield code="h">X00.H03028</subfield>
            <subfield code="m">(Box B000000134281)</subfield>
        </datafield>
    </record>