
    <record>
        <leader>00956nam a2200265 a 4500</leader>
        <controlfield tag="001">015022789</controlfield>
        <controlfield tag="003">UkOxU</controlfield>
        <controlfield tag="005">20120718151750.0</controlfield>
        <controlfield tag="008">001108s1957    ne ab         000 1 dut d</controlfield>
        <datafield tag="020" ind1=" " ind2=" ">
            <subfield code="a">902742294x (1)</subfield>
        </datafield>
        <datafield tag="020" ind1=" " ind2=" ">
            <subfield code="a">9027422958 (2)</subfield>
        </datafield>
        <datafield tag="020" ind1=" " ind2=" ">
            <subfield code="a">9027422966 (3)</subfield>
        </datafield>
        <datafield tag="040" ind1=" " ind2=" ">
            <subfield code="a">UkOxU</subfield>
            <subfield code="b">eng</subfield>
            <subfield code="c">UkOxU</subfield>
        </datafield>
        <datafield tag="041" ind1="1" ind2=" ">
            <subfield code="a">dut</subfield>
            <subfield code="h">eng</subfield>
        </datafield>
        <datafield tag="100" ind1="1" ind2=" ">
            <subfield code="a">Tolkien, J. R. R.</subfield>
            <subfield code="q">(John Ronald Reuel),</subfield>
            <subfield code="d">1892-1973.</subfield>
        </datafield>
        <datafield tag="240" ind1="1" ind2="0">
            <subfield code="a">Lord of the rings.</subfield>
            <subfield code="l">Dutch</subfield>
        </datafield>
        <datafield tag="245" ind1="1" ind2="0">
            <subfield code="a">In de ban van de ring /</subfield>
            <subfield code="c">J.R.R. Tolkien ; vertaald door Max Schuchart.</subfield>
        </datafield>
        <datafield tag="260" ind1=" " ind2=" ">
            <subfield code="a">Utrecht :</subfield>
            <subfield code="b">Spectrum,</subfield>
            <subfield code="c">1957.</subfield>
        </datafield>
        <datafield tag="300" ind1=" " ind2=" ">
            <subfield code="a">3 v. :</subfield>
            <subfield code="b">ill., maps ;</subfield>
            <subfield code="c">21 cm.</subfield>
        </datafield>
        <datafield tag="505" ind1="0" ind2=" ">
            <subfield code="a">1. De reisgenoten--2. De twee torens--3. De terugkeer van de koning.</subfield>
        </datafield>
        <datafield tag="546" ind1=" " ind2=" ">
            <subfield code="a">Translation of: The lord of the rings.</subfield>
        </datafield>
        <datafield tag="700" ind1="1" ind2=" ">
            <subfield code="a">Schuchart, Max,</subfield>
            <subfield code="d">1920-2005.</subfield>
        </datafield>
        <datafield tag="852" ind1="8" ind2=" ">
            <subfield code="a">UkOxU</subfield>
            <subfield code="b">BODBL</subfield>
            <subfield code="h">X01.F00474</subfield>
            <subfield code="m">(Box B000000006610)</subfield>
        </datafield>
        <datafield tag="852" ind1="8" ind2=" ">
            <subfield code="a">UkOxU</subfield>
            <subfield code="b">BODBL</subfield>
            <subfield code="h">X01.F00475</subfield>
            <subfield code="m">(Box B000000006610)</subfield>
        </datafield>
        <datafield tag="852" ind1="8" ind2=" ">
            <subfield code="a">UkOxU</subfield>
            <subfield code="b">BODBL</subfield>
            <subfield code="h">X01.F00476</subfield>
            <subfield code="m">(Box B000000006610)</subfield>
        </datafield>
    </record>