
    <record>
        <leader>00724nam a2200205 a 4500</leader>
        <controlfield tag="001">015023519</controlfield>
        <controlfield tag="003">UkOxU</controlfield>
        <controlfield tag="005">20120718151721.0</controlfield>
        <controlfield tag="008">001108s1965    ne b          000 1 dut d</controlfield>
        <datafield tag="040" ind1=" " ind2=" ">
            <subfield code="a">UkOxU</subfield>
            <subfield code="b">eng</subfield>
            <subfield code="c">UkOxU</subfield>
        </datafield>
        <datafield tag="041" ind1="1" ind2=" ">
            <subfield code="a">dut</subfield>
            <subfield code="h">eng</subfield>
        </datafield>
        <datafield tag="100" ind1="1" ind2=" ">
            <subfield code="a">Tolkien, J. R. R.</subfield>
            <subfield code="q">(John Ronald Reuel),</subfield>
            <subfield code="d">1892-1973.</subfield>
        </datafield>
        <datafield tag="240" ind1="1" ind2="0">
            <subfield code="a">Lord of the rings.</subfield>
            <subfield code="l">Dutch</subfield>
        </datafield>
        <datafield tag="245" ind1="1" ind2="0">
            <subfield code="a">In de ban van de ring /</subfield>
            <subfield code="c">J.R.R. Tolkien ; [vertaald door Max Schuchart].</subfield>
        </datafield>
        <datafield tag="260" ind1=" " ind2=" ">
            <subfield code="a">Utrecht :</subfield>
            <subfield code="b">Spectrum,</subfield>
            <subfield code="c">1965.</subfield>
        </datafield>
        <datafield tag="300" ind1=" " ind2=" ">
            <subfield code="a">1445 p. :</subfield>
            <subfield code="b">1 map ;</subfield>
            <subfield code="c">20 cm.</subfield>
        </datafield>
        <datafield tag="500" ind1=" " ind2=" ">
            <subfield code="a">&quot;Tweede door de vertaler herziene druk&quot;--T. p. verso.</subfield>
        </datafield>
        <datafield tag="546" ind1=" " ind2=" ">
            <subfield code="a">Translation of: The lord of the rings.</subfield>
        </datafield>
        <datafield tag="700" ind1="1" ind2=" ">
            <subfield code="a">Schuchart, Max,</subfield>
            <subfield code="d">1920-2005.</subfield>
        </datafield>
        <datafield tag="852" ind1="8" ind2=" ">
            <subfield code="a">UkOxU</subfield>
            <subfield code="b">BODBL</subfield>
            <subfield code="h">X01.G02510</subfield>
            <subfield code="m">(Box B000000133120)</subfield>
        </datafield>
    </record>