
    <record>
        <leader>01876nam a2200457 a 4500</leader>
        <controlfield tag="001">015024110</controlfield>
        <controlfield tag="003">UkOxU</controlfield>
        <controlfield tag="005">20230109170103.0</controlfield>
        <controlfield tag="008">001110m19801984gw ab         000 1 ger d</controlfield>
        <datafield tag="020" ind1=" " ind2=" ">
            <subfield code="a">3129079211</subfield>
            <subfield code="q">Bd. 1</subfield>
            <subfield code="q">hbk.</subfield>
        </datafield>
        <datafield tag="020" ind1=" " ind2=" ">
            <subfield code="a">3129079513</subfield>
            <subfield code="q">Bd. 1</subfield>
            <subfield code="q">Hldr.</subfield>
        </datafield>
        <datafield tag="020" ind1=" " ind2=" ">
            <subfield code="a">3129079319</subfield>
            <subfield code="q">Bd. 2</subfield>
            <subfield code="q">hbk.</subfield>
        </datafield>
        <datafield tag="020" ind1=" " ind2=" ">
            <subfield code="a">3129079610</subfield>
            <subfield code="q">Bd. 2</subfield>
            <subfield code="q">Hldr.</subfield>
        </datafield>
        <datafield tag="020" ind1=" " ind2=" ">
            <subfield code="a">3129079416</subfield>
            <subfield code="q">Bd. 3</subfield>
            <subfield code="q">hbk.</subfield>
        </datafield>
        <datafield tag="020" ind1=" " ind2=" ">
            <subfield code="a">3129079718</subfield>
            <subfield code="q">Bd. 3</subfield>
            <subfield code="q">Hldr.</subfield>
        </datafield>
        <datafield tag="020" ind1=" " ind2=" ">
            <subfield code="a">3608953116</subfield>
            <subfield code="q">Bd. 3</subfield>
            <subfield code="q">3rd ed.</subfield>
            <subfield code="q">hbk.</subfield>
        </datafield>
        <datafield tag="020" ind1=" " ind2=" ">
            <subfield code="a">3129080007</subfield>
            <subfield code="q">boxed set</subfield>
            <subfield code="q">pbk.</subfield>
        </datafield>
        <datafield tag="040" ind1=" " ind2=" ">
            <subfield code="a">UkOxU</subfield>
            <subfield code="b">eng</subfield>
            <subfield code="c">UkOxU</subfield>
        </datafield>
        <datafield tag="041" ind1="1" ind2=" ">
            <subfield code="a">ger</subfield>
            <subfield code="h">eng</subfield>
        </datafield>
        <datafield tag="100" ind1="1" ind2=" ">
            <subfield code="a">Tolkien, J. R. R.</subfield>
            <subfield code="q">(John Ronald Reuel),</subfield>
            <subfield code="d">1892-1973.</subfield>
        </datafield>
        <datafield tag="240" ind1="1" ind2="0">
            <subfield code="a">Lord of the rings.</subfield>
            <subfield code="l">German</subfield>
        </datafield>
        <datafield tag="245" ind1="1" ind2="4">
            <subfield code="a">Der Herr der Ringe /</subfield>
            <subfield code="c">J. R. R. Tolkien ; [aus dem Englischen übersetzt von Margaret Carroux].</subfield>
        </datafield>
        <datafield tag="250" ind1=" " ind2=" ">
            <subfield code="a">2nd ed.</subfield>
        </datafield>
        <datafield tag="260" ind1=" " ind2=" ">
            <subfield code="a">Stuttgart :</subfield>
            <subfield code="b">Hobbit Presse/Klett-Cotta,</subfield>
            <subfield code="c">1980-1984.</subfield>
        </datafield>
        <datafield tag="300" ind1=" " ind2=" ">
            <subfield code="a">3 v. :</subfield>
            <subfield code="b">ill., maps ;</subfield>
            <subfield code="c">20 cm.</subfield>
        </datafield>
        <datafield tag="500" ind1=" " ind2=" ">
            <subfield code="a">Bd. 3 is 3rd ed.</subfield>
        </datafield>
        <datafield tag="500" ind1=" " ind2=" ">
            <subfield code="a">Folded maps tipped into p. 3 of back covers.</subfield>
        </datafield>
        <datafield tag="505" ind1="0" ind2=" ">
            <subfield code="a">Bd. 1. Die Gefährten -- Bd. 2. Die zwei Türme -- Bd. 3. Die Rückkehr des Königs.</subfield>
        </datafield>
        <datafield tag="500" ind1=" " ind2=" ">
            <subfield code="a">Translation, from the English, of: The lord of the rings.</subfield>
        </datafield>
        <datafield tag="650" ind1=" " ind2="0">
            <subfield code="a">Middle Earth (Imaginary place)</subfield>
            <subfield code="v">Fiction.</subfield>
        </datafield>
        <datafield tag="600" ind1="1" ind2="0">
            <subfield code="a">Baggins, Frodo</subfield>
            <subfield code="v">Fiction.</subfield>
        </datafield>
        <datafield tag="700" ind1="1" ind2=" ">
            <subfield code="a">Carroux, Margaret.</subfield>
        </datafield>
        <datafield tag="700" ind1="1" ind2="2">
            <subfield code="a">Tolkien, J. R. R.</subfield>
            <subfield code="q">(John Ronald Reuel),</subfield>
            <subfield code="d">1892-1973.</subfield>
            <subfield code="t">Fellowship of the ring.</subfield>
            <subfield code="l">German.</subfield>
        </datafield>
        <datafield tag="700" ind1="1" ind2="2">
            <subfield code="a">Tolkien, J. R. R.</subfield>
            <subfield code="q">(John Ronald Reuel),</subfield>
            <subfield code="d">1892-1973.</subfield>
            <subfield code="t">Two towers.</subfield>
            <subfield code="l">German.</subfield>
        </datafield>
        <datafield tag="700" ind1="1" ind2="2">
            <subfield code="a">Tolkien, J. R. R.</subfield>
            <subfield code="q">(John Ronald Reuel),</subfield>
            <subfield code="d">1892-1973.</subfield>
            <subfield code="t">Return of the king.</subfield>
            <subfield code="l">German.</subfield>
        </datafield>
        <datafield tag="740" ind1="0" ind2="2">
            <subfield code="a">Gefährten.</subfield>
        </datafield>
        <datafield tag="740" ind1="0" ind2="2">
            <subfield code="a">Zwei Türme.</subfield>
        </datafield>
        <datafield tag="740" ind1="0" ind2="2">
            <subfield code="a">Rückkehr des Königs.</subfield>
        </datafield>
        <datafield tag="852" ind1="8" ind2=" ">
            <subfield code="a">UkOxU</subfield>
            <subfield code="b">BODBL</subfield>
            <subfield code="h">X01.G00953</subfield>
            <subfield code="m">(Box B000000133089)</subfield>
        </datafield>
        <datafield tag="852" ind1="8" ind2=" ">
            <subfield code="a">UkOxU</subfield>
            <subfield code="b">BODBL</subfield>
            <subfield code="h">X01.G00954</subfield>
            <subfield code="m">(Box B000000133089)</subfield>
        </datafield>
        <datafield tag="852" ind1="8" ind2=" ">
            <subfield code="a">UkOxU</subfield>
            <subfield code="b">BODBL</subfield>
            <subfield code="h">X01.G00955</subfield>
            <subfield code="m">(Box B000000133089)</subfield>
        </datafield>
    </record>