
    <record>
        <leader>01164nam a2200253 a 4500</leader>
        <controlfield tag="001">015024884</controlfield>
        <controlfield tag="003">UkOxU</controlfield>
        <controlfield tag="005">20230109165624.0</controlfield>
        <controlfield tag="008">001113r19931970gw aj         000 1 ger d</controlfield>
        <datafield tag="020" ind1=" " ind2=" ">
            <subfield code="a">3608951490</subfield>
        </datafield>
        <datafield tag="040" ind1=" " ind2=" ">
            <subfield code="a">UkOxU</subfield>
            <subfield code="b">eng</subfield>
            <subfield code="c">UkOxU</subfield>
        </datafield>
        <datafield tag="041" ind1="1" ind2=" ">
            <subfield code="a">ger</subfield>
            <subfield code="h">eng</subfield>
        </datafield>
        <datafield tag="100" ind1="1" ind2=" ">
            <subfield code="a">Tolkien, J. R. R.</subfield>
            <subfield code="q">(John Ronald Reuel),</subfield>
            <subfield code="d">1892-1973.</subfield>
        </datafield>
        <datafield tag="240" ind1="1" ind2="0">
            <subfield code="a">Lord of the rings.</subfield>
            <subfield code="p">Appendices.</subfield>
            <subfield code="l">German</subfield>
        </datafield>
        <datafield tag="245" ind1="1" ind2="4">
            <subfield code="a">Der Herr der Ringe, Anhänge :</subfield>
            <subfield code="b">Annalen der Könige und Herrscher, Zeittafel der Westlande, Familienstammbäume, Auenlandkalender, Schriftzeichen und Buchstaben /</subfield>
            <subfield code="c">J.R.R. Tolkien ; [aus dem Englischen übersetzt von Margaret Carroux].</subfield>
        </datafield>
        <datafield tag="260" ind1=" " ind2=" ">
            <subfield code="a">Stuttgart :</subfield>
            <subfield code="b">Hobbit Presse /Klett-Cotta,</subfield>
            <subfield code="c">[1970?]</subfield>
        </datafield>
        <datafield tag="300" ind1=" " ind2=" ">
            <subfield code="a">128 p. :</subfield>
            <subfield code="b">ill., geneal. tables ;</subfield>
            <subfield code="c">20 cm.</subfield>
        </datafield>
        <datafield tag="500" ind1=" " ind2=" ">
            <subfield code="a">The original text appeared as part of The return of the king being the third part of The lord of the rings.</subfield>
        </datafield>
        <datafield tag="500" ind1=" " ind2=" ">
            <subfield code="a">Title from cover.</subfield>
        </datafield>
        <datafield tag="500" ind1=" " ind2=" ">
            <subfield code="a">Originally published: 1970?</subfield>
        </datafield>
        <datafield tag="500" ind1=" " ind2=" ">
            <subfield code="a">Translated from the English.</subfield>
        </datafield>
        <datafield tag="600" ind1="1" ind2="0">
            <subfield code="a">Tolkien, J. R. R.</subfield>
            <subfield code="q">(John Ronald Reuel),</subfield>
            <subfield code="d">1892-1973.</subfield>
            <subfield code="t">Lord of the rings.</subfield>
        </datafield>
        <datafield tag="700" ind1="1" ind2=" ">
            <subfield code="a">Carroux, Margaret.</subfield>
        </datafield>
        <datafield tag="852" ind1="8" ind2=" ">
            <subfield code="a">UkOxU</subfield>
            <subfield code="b">BODBL</subfield>
            <subfield code="h">X00.G06232</subfield>
            <subfield code="m">(Box B000000133070)</subfield>
        </datafield>
    </record>