
    <record>
        <leader>00725nam a2200205 a 4500</leader>
        <controlfield tag="001">015024913</controlfield>
        <controlfield tag="003">UkOxU</controlfield>
        <controlfield tag="005">20120718151552.0</controlfield>
        <controlfield tag="008">001113s1980    ne aj         000 1 dut d</controlfield>
        <datafield tag="020" ind1=" " ind2=" ">
            <subfield code="a">9027471037</subfield>
        </datafield>
        <datafield tag="040" ind1=" " ind2=" ">
            <subfield code="a">UkOxU</subfield>
            <subfield code="b">eng</subfield>
            <subfield code="c">UkOxU</subfield>
        </datafield>
        <datafield tag="041" ind1="1" ind2=" ">
            <subfield code="a">dut</subfield>
            <subfield code="h">eng</subfield>
        </datafield>
        <datafield tag="100" ind1="1" ind2=" ">
            <subfield code="a">Tolkien, J. R. R.</subfield>
            <subfield code="q">(John Ronald Reuel),</subfield>
            <subfield code="d">1892-1973.</subfield>
        </datafield>
        <datafield tag="240" ind1="1" ind2="0">
            <subfield code="a">Lord of the rings.</subfield>
            <subfield code="l">Dutch</subfield>
        </datafield>
        <datafield tag="245" ind1="1" ind2="0">
            <subfield code="a">In de ban van de ring :</subfield>
            <subfield code="b">aanhangsels /</subfield>
            <subfield code="c">[J.R.R.] Tolkien ; vertaald door Max Schuchart.</subfield>
        </datafield>
        <datafield tag="260" ind1=" " ind2=" ">
            <subfield code="a">Utrecht :</subfield>
            <subfield code="b">Spectrum,</subfield>
            <subfield code="c">1980.</subfield>
        </datafield>
        <datafield tag="300" ind1=" " ind2=" ">
            <subfield code="a">159 p. :</subfield>
            <subfield code="b">ill., geneal. tables ;</subfield>
            <subfield code="c">20 cm.</subfield>
        </datafield>
        <datafield tag="546" ind1=" " ind2=" ">
            <subfield code="a">Translation of the appendix to The lord of the rings.</subfield>
        </datafield>
        <datafield tag="700" ind1="1" ind2=" ">
            <subfield code="a">Schuchart, Max,</subfield>
            <subfield code="d">1920-2005.</subfield>
        </datafield>
        <datafield tag="852" ind1="8" ind2=" ">
            <subfield code="a">UkOxU</subfield>
            <subfield code="b">BODBL</subfield>
            <subfield code="h">X01.G00960</subfield>
            <subfield code="m">(Box B000000133089)</subfield>
        </datafield>
    </record>