
    <record>
        <leader>01774nim a2200301 a 4500</leader>
        <controlfield tag="001">015271689</controlfield>
        <controlfield tag="003">UkOxU</controlfield>
        <controlfield tag="005">20020222141450.0</controlfield>
        <controlfield tag="007">sdufungnnuuued</controlfield>
        <controlfield tag="008">011220s1995    enknnn         df   eng d</controlfield>
        <datafield tag="020" ind1=" " ind2=" ">
            <subfield code="a">0563388129</subfield>
        </datafield>
        <datafield tag="028" ind1="0" ind2="0">
            <subfield code="a">ZBBC 1050 CD</subfield>
            <subfield code="b">BBC Worldwide</subfield>
        </datafield>
        <datafield tag="100" ind1="1" ind2=" ">
            <subfield code="a">Tolkien, J. R. R.</subfield>
            <subfield code="q">(John Ronald Reuel),</subfield>
            <subfield code="d">1892-1973.</subfield>
        </datafield>
        <datafield tag="245" ind1="1" ind2="4">
            <subfield code="a">The lord of the rings</subfield>
            <subfield code="h">[sound recording] /</subfield>
            <subfield code="c">J. R. R. Tolkien.</subfield>
        </datafield>
        <datafield tag="260" ind1=" " ind2=" ">
            <subfield code="a">London :</subfield>
            <subfield code="b">BBC Worldwide,</subfield>
            <subfield code="c">1995.</subfield>
        </datafield>
        <datafield tag="300" ind1=" " ind2=" ">
            <subfield code="a">13 sound discs (13 hrs 20 min.) :</subfield>
            <subfield code="b">digital ;</subfield>
            <subfield code="c">4 3/4 in +</subfield>
            <subfield code="e">1 CD of theme and incidental music, 1 fold out map of Middle-earth, 1 booklet (24 p.)</subfield>
        </datafield>
        <datafield tag="306" ind1=" " ind2=" ">
            <subfield code="a">130000</subfield>
        </datafield>
        <datafield tag="500" ind1=" " ind2=" ">
            <subfield code="a">A dramatized radio production adapted from Tolkien's classic work. Prepared for BBC Radio in 13 episodes.</subfield>
        </datafield>
        <datafield tag="500" ind1=" " ind2=" ">
            <subfield code="a">Music composed and conducted by Stephen Oliver and performed by members of the New Chamber Soloists with Susan Bradshaw ; singers, David James, Matthew Vine and Oz Clarke, with the Ambrosian Singers and members of the cast.</subfield>
        </datafield>
        <datafield tag="505" ind1="0" ind2=" ">
            <subfield code="a">The shadow of the past -- The black riders -- The knife in the dark -- The ring goes south -- The mirror of Galadriel -- The breaking of the fellowship -- The king of the golden hall -- The voice Sauron -- The two towers -- The choices of Master Samwise -- The battle of Pelennor Fields -- Mount Doom -- The Grey Havens.</subfield>
        </datafield>
        <datafield tag="511" ind1="1" ind2=" ">
            <subfield code="a">Starring Ian Holm (Frodo), Michael Hordern (Gandalf), Robert Stephens (Aragorn), Peter Woodthorpe (Gollum), John le Mesurier (Bilbo) and featuring a cast of 25 performers.</subfield>
        </datafield>
        <datafield tag="650" ind1=" " ind2="0">
            <subfield code="a">Radio plays, English.</subfield>
        </datafield>
        <datafield tag="650" ind1=" " ind2="0">
            <subfield code="a">Fantasy fiction, English.</subfield>
        </datafield>
        <datafield tag="700" ind1="1" ind2=" ">
            <subfield code="a">Holm, Ian,</subfield>
            <subfield code="d">1931-2020.</subfield>
        </datafield>
        <datafield tag="700" ind1="1" ind2=" ">
            <subfield code="a">Oliver, Stephen.</subfield>
        </datafield>
        <datafield tag="710" ind1="2" ind2=" ">
            <subfield code="a">BBC Radio.</subfield>
        </datafield>
        <datafield tag="830" ind1=" " ind2="0">
            <subfield code="a">BBC radio collection.</subfield>
        </datafield>
        <datafield tag="852" ind1="8" ind2=" ">
            <subfield code="a">UkOxU</subfield>
            <subfield code="b">MAGCL</subfield>
            <subfield code="c">MAGNW</subfield>
            <subfield code="h">A TOL LOR</subfield>
        </datafield>
    </record>