
    <record>
        <leader>01441nam a2200241 a 4500</leader>
        <controlfield tag="001">015304119</controlfield>
        <controlfield tag="003">UkOxU</controlfield>
        <controlfield tag="005">20020417104609.0</controlfield>
        <controlfield tag="008">020416s1808    enka          000 0 eng d</controlfield>
        <datafield tag="029" ind1=" " ind2=" ">
            <subfield code="a">1808</subfield>
        </datafield>
        <datafield tag="245" ind1="0" ind2="0">
            <subfield code="a">Crim. con. between a lawyer's clerk and his mistress. :</subfield>
            <subfield code="b">Fairburn's edition of the trial between Joseph Fowler, an attorney, and Chas. Hodgson, his clerk, for criminal conversation with the plaintiff's wife, which was tried at the court of common pleas, before Lord Chief Justice Mansfield, and a special jury, July 13, 1808. Taken in short hand. Embellished with an engraved frontispiece, representing &quot;her dear Charles&quot; putting her ear-rings in her ears..</subfield>
        </datafield>
        <datafield tag="246" ind1="3" ind2="0">
            <subfield code="a">Fairburn's edition of the trial between Joseph Fowler, an attorney, and Chas. Hodgson, his clerk, for criminal conversation with the plaintiff's wife</subfield>
        </datafield>
        <datafield tag="260" ind1=" " ind2=" ">
            <subfield code="a">London: :</subfield>
            <subfield code="b">Published by John Fairburn, ...,</subfield>
            <subfield code="c">[1808]</subfield>
        </datafield>
        <datafield tag="300" ind1=" " ind2=" ">
            <subfield code="a">17, [1] p., [1] leaf of folded plates :</subfield>
            <subfield code="b">ill. ;</subfield>
            <subfield code="c">8⁰.</subfield>
        </datafield>
        <datafield tag="500" ind1=" " ind2=" ">
            <subfield code="a">With advertisement on final page.</subfield>
        </datafield>
        <datafield tag="500" ind1=" " ind2=" ">
            <subfield code="a">Printer statement on p. 17: &quot;J. Dennett, printer, ...&quot;.</subfield>
        </datafield>
        <datafield tag="600" ind1="1" ind2="0">
            <subfield code="a">Fowler, Joseph,</subfield>
            <subfield code="c">attorney</subfield>
            <subfield code="x">Trials, litigation etc.</subfield>
        </datafield>
        <datafield tag="600" ind1="1" ind2="0">
            <subfield code="a">Hodgson, Charles,</subfield>
            <subfield code="c">clerk</subfield>
            <subfield code="x">Trials, litigation etc.</subfield>
        </datafield>
        <datafield tag="650" ind1=" " ind2="0">
            <subfield code="a">Trials (Adultery)</subfield>
            <subfield code="z">England.</subfield>
        </datafield>
        <datafield tag="700" ind1="1" ind2=" ">
            <subfield code="a">Fairburn, John,</subfield>
            <subfield code="d">1768 or 1769-1832,</subfield>
            <subfield code="e">publisher.</subfield>
        </datafield>
        <datafield tag="700" ind1="1" ind2=" ">
            <subfield code="a">Dennett, John</subfield>
            <subfield code="c">(Printer),</subfield>
            <subfield code="e">printer.</subfield>
        </datafield>
        <datafield tag="752" ind1=" " ind2=" ">
            <subfield code="a">England</subfield>
            <subfield code="d">London.</subfield>
        </datafield>
        <datafield tag="852" ind1="8" ind2=" ">
            <subfield code="a">UkOxU</subfield>
            <subfield code="b">BODBL</subfield>
            <subfield code="h">Vet. A6 e.2341</subfield>
        </datafield>
    </record>