
    <record>
        <leader>00967nam a2200265 a 4500</leader>
        <controlfield tag="001">015363885</controlfield>
        <controlfield tag="003">UkOxU</controlfield>
        <controlfield tag="005">20080424094243.0</controlfield>
        <controlfield tag="008">020128s2002    enk           000 0 eng d</controlfield>
        <datafield tag="015" ind1=" " ind2=" ">
            <subfield code="a">GB A2-Z0756</subfield>
        </datafield>
        <datafield tag="020" ind1=" " ind2=" ">
            <subfield code="a">0007135637</subfield>
        </datafield>
        <datafield tag="035" ind1=" " ind2=" ">
            <subfield code="a">BNB2696.192</subfield>
        </datafield>
        <datafield tag="040" ind1=" " ind2=" ">
            <subfield code="a">BDS</subfield>
        </datafield>
        <datafield tag="082" ind1="0" ind2=" ">
            <subfield code="a">791.4372</subfield>
            <subfield code="2">21</subfield>
        </datafield>
        <datafield tag="100" ind1="1" ind2=" ">
            <subfield code="a">Russell, Gary.</subfield>
        </datafield>
        <datafield tag="245" ind1="1" ind2="4">
            <subfield code="a">The Lord of the rings :</subfield>
            <subfield code="b">the art of the fellowship of the ring /</subfield>
            <subfield code="c">Gary Russell.</subfield>
        </datafield>
        <datafield tag="260" ind1=" " ind2=" ">
            <subfield code="a">London :</subfield>
            <subfield code="b">HarperCollins,</subfield>
            <subfield code="c">2002.</subfield>
        </datafield>
        <datafield tag="300" ind1=" " ind2=" ">
            <subfield code="a">192 p. :</subfield>
            <subfield code="b">col. ill. ;</subfield>
            <subfield code="c">29 cm.</subfield>
        </datafield>
        <datafield tag="490" ind1="1" ind2=" ">
            <subfield code="a">Lord of the rings</subfield>
        </datafield>
        <datafield tag="630" ind1="0" ind2="0">
            <subfield code="a">Lord of the rings, the fellowship of the ring (Motion picture)</subfield>
        </datafield>
        <datafield tag="650" ind1=" " ind2="0">
            <subfield code="a">Motion pictures</subfield>
            <subfield code="x">Settings and scenery</subfield>
            <subfield code="v">Pictorial works.</subfield>
        </datafield>
        <datafield tag="650" ind1=" " ind2="0">
            <subfield code="a">Characters and characteristics in motion pictures</subfield>
            <subfield code="v">Pictorial works</subfield>
        </datafield>
        <datafield tag="650" ind1=" " ind2="0">
            <subfield code="a">Motion pictures</subfield>
            <subfield code="x">Art direction.</subfield>
        </datafield>
        <datafield tag="800" ind1="1" ind2=" ">
            <subfield code="a">Tolkien, J. R. R.</subfield>
            <subfield code="q">(John Ronald Reuel),</subfield>
            <subfield code="d">1892-1973.</subfield>
            <subfield code="t">Lord of the rings.</subfield>
        </datafield>
        <datafield tag="852" ind1="8" ind2=" ">
            <subfield code="a">UkOxU</subfield>
            <subfield code="b">BODBL</subfield>
            <subfield code="h">X03.C00020</subfield>
            <subfield code="m">(Box B000000004286)</subfield>
        </datafield>
    </record>