
    <record>
        <leader>01076nim a2200301 a 4500</leader>
        <controlfield tag="001">015366545</controlfield>
        <controlfield tag="003">UkOxU</controlfield>
        <controlfield tag="005">20020726112155.0</controlfield>
        <controlfield tag="007">ss|lsnjlumunce</controlfield>
        <controlfield tag="008">020726m19921993fi nnn         f  1 fin d</controlfield>
        <datafield tag="020" ind1=" " ind2=" ">
            <subfield code="a">9510174955 (Sormuksen ritarit, osa 1)</subfield>
        </datafield>
        <datafield tag="020" ind1=" " ind2=" ">
            <subfield code="a">9510176230 (Sormuksen ritarit, osa 2)</subfield>
        </datafield>
        <datafield tag="020" ind1=" " ind2=" ">
            <subfield code="a">9510177334 (Kuninkaan paluu, osa 2)</subfield>
        </datafield>
        <datafield tag="041" ind1="0" ind2=" ">
            <subfield code="a">fin</subfield>
        </datafield>
        <datafield tag="100" ind1="1" ind2=" ">
            <subfield code="a">Tolkien, J. R. R.</subfield>
            <subfield code="q">(John Ronald Reuel),</subfield>
            <subfield code="d">1892-1973.</subfield>
        </datafield>
        <datafield tag="240" ind1="1" ind2="0">
            <subfield code="a">Lord of the rings.</subfield>
            <subfield code="l">Finnish</subfield>
        </datafield>
        <datafield tag="245" ind1="1" ind2="0">
            <subfield code="a">Taru sormusten herrasta</subfield>
            <subfield code="h">[sound recording] /</subfield>
            <subfield code="c">J.R.R. Tolkien.</subfield>
        </datafield>
        <datafield tag="260" ind1=" " ind2=" ">
            <subfield code="a">[Finland] :</subfield>
            <subfield code="b">WSOY,</subfield>
            <subfield code="c">p1992-1993.</subfield>
        </datafield>
        <datafield tag="300" ind1=" " ind2=" ">
            <subfield code="a">sound cassettes :</subfield>
            <subfield code="b">analog, stereo., Dolby processed.</subfield>
        </datafield>
        <datafield tag="500" ind1=" " ind2=" ">
            <subfield code="a">In container.</subfield>
        </datafield>
        <datafield tag="500" ind1=" " ind2=" ">
            <subfield code="a">Each container holds 12 sound cassettes.</subfield>
        </datafield>
        <datafield tag="505" ind1="0" ind2=" ">
            <subfield code="a">Sormuksen ritarit, osa 1 -- Sormuksen ritarit, osa 2 -- Kuninkaan paluu, osa 2.</subfield>
        </datafield>
        <datafield tag="511" ind1="0" ind2=" ">
            <subfield code="a">Lukija: Heikki Määttänen.</subfield>
        </datafield>
        <datafield tag="546" ind1=" " ind2=" ">
            <subfield code="a">Finnish.</subfield>
        </datafield>
        <datafield tag="700" ind1="1" ind2=" ">
            <subfield code="a">Määttänen, Heikki.</subfield>
        </datafield>
        <datafield tag="852" ind1="8" ind2=" ">
            <subfield code="a">UkOxU</subfield>
            <subfield code="b">BODBL</subfield>
            <subfield code="h">Tapes 2653</subfield>
        </datafield>
        <datafield tag="852" ind1="8" ind2=" ">
            <subfield code="a">UkOxU</subfield>
            <subfield code="b">BODBL</subfield>
            <subfield code="h">Tapes 2654</subfield>
        </datafield>
        <datafield tag="852" ind1="8" ind2=" ">
            <subfield code="a">UkOxU</subfield>
            <subfield code="b">BODBL</subfield>
            <subfield code="h">Tapes 2655</subfield>
        </datafield>
    </record>