
    <record>
        <leader>01068ncm a2200253 a 4500</leader>
        <controlfield tag="001">015374604</controlfield>
        <controlfield tag="003">UkOxU</controlfield>
        <controlfield tag="005">20040727130120.0</controlfield>
        <controlfield tag="008">020813s2001    enkmpa         n        d</controlfield>
        <datafield tag="020" ind1=" " ind2=" ">
            <subfield code="a">1843281643</subfield>
        </datafield>
        <datafield tag="024" ind1="2" ind2=" ">
            <subfield code="a">M570211647</subfield>
        </datafield>
        <datafield tag="028" ind1="3" ind2="2">
            <subfield code="a">9646A</subfield>
            <subfield code="b">International Music Publications</subfield>
        </datafield>
        <datafield tag="100" ind1="1" ind2=" ">
            <subfield code="a">Shore, Howard.</subfield>
        </datafield>
        <datafield tag="240" ind1="1" ind2="0">
            <subfield code="a">Lord of the rings, the fellowship of the ring.</subfield>
            <subfield code="k">Selections;</subfield>
            <subfield code="o">arranged</subfield>
        </datafield>
        <datafield tag="245" ind1="1" ind2="0">
            <subfield code="a">Selections from Lord of the Rings :</subfield>
            <subfield code="b">(The fellowship of the ring) /</subfield>
            <subfield code="c">music by Howard Shore ; arranged [for brass band] by Andrew Duncan.</subfield>
        </datafield>
        <datafield tag="246" ind1="3" ind2="0">
            <subfield code="a">Fellowship of the ring</subfield>
        </datafield>
        <datafield tag="260" ind1=" " ind2=" ">
            <subfield code="a">London :</subfield>
            <subfield code="b">International Music Publications,</subfield>
            <subfield code="c">c2001.</subfield>
        </datafield>
        <datafield tag="300" ind1=" " ind2=" ">
            <subfield code="a">1 score (24 p.) + 1 set of parts ;</subfield>
            <subfield code="c">31 cm.</subfield>
        </datafield>
        <datafield tag="500" ind1=" " ind2=" ">
            <subfield code="a">Music from the 2001 film &quot;The Lord of the rings: the fellowship of the ring.&quot;</subfield>
        </datafield>
        <datafield tag="650" ind1=" " ind2="0">
            <subfield code="a">Motion picture music</subfield>
            <subfield code="v">Excerpts, Arranged.</subfield>
        </datafield>
        <datafield tag="650" ind1=" " ind2="0">
            <subfield code="a">Brass band music, Arranged</subfield>
            <subfield code="v">Scores and parts.</subfield>
        </datafield>
        <datafield tag="700" ind1="1" ind2=" ">
            <subfield code="a">Duncan, Andrew.</subfield>
        </datafield>
        <datafield tag="730" ind1="0" ind2=" ">
            <subfield code="a">Lord of the rings, the fellowship of the ring (Motion picture)</subfield>
        </datafield>
        <datafield tag="852" ind1="8" ind2=" ">
            <subfield code="a">UkOxU</subfield>
            <subfield code="b">BODBL</subfield>
            <subfield code="h">Mus. 223 c.41</subfield>
            <subfield code="m">(4)</subfield>
        </datafield>
    </record>