
    <record>
        <leader>00838cam a2200229 a 4500</leader>
        <controlfield tag="001">015395422</controlfield>
        <controlfield tag="003">UkOxU</controlfield>
        <controlfield tag="005">20030205165150.0</controlfield>
        <controlfield tag="008">020909r20022001enka   j      001 0beng d</controlfield>
        <datafield tag="020" ind1=" " ind2=" ">
            <subfield code="a">0752261673</subfield>
        </datafield>
        <datafield tag="100" ind1="1" ind2=" ">
            <subfield code="a">Coren, Michael.</subfield>
        </datafield>
        <datafield tag="245" ind1="1" ind2="0">
            <subfield code="a">J.R.R. Tolkien :</subfield>
            <subfield code="b">the man who created The Lord of the Rings /</subfield>
            <subfield code="c">Michael Coren.</subfield>
        </datafield>
        <datafield tag="260" ind1=" " ind2=" ">
            <subfield code="a">London :</subfield>
            <subfield code="b">Boxtree,</subfield>
            <subfield code="c">2002.</subfield>
        </datafield>
        <datafield tag="300" ind1=" " ind2=" ">
            <subfield code="a">135 p. :</subfield>
            <subfield code="b">ill. ;</subfield>
            <subfield code="c">20 cm.</subfield>
        </datafield>
        <datafield tag="500" ind1=" " ind2=" ">
            <subfield code="a">Originally published: London : Boxtree, 2001.</subfield>
        </datafield>
        <datafield tag="504" ind1=" " ind2=" ">
            <subfield code="a">Includes bibliographical references.</subfield>
        </datafield>
        <datafield tag="600" ind1="1" ind2="0">
            <subfield code="a">Tolkien, J. R. R.</subfield>
            <subfield code="q">(John Ronald Reuel),</subfield>
            <subfield code="d">1892-1973.</subfield>
        </datafield>
        <datafield tag="650" ind1=" " ind2="0">
            <subfield code="a">Authors, English</subfield>
            <subfield code="y">20th century</subfield>
            <subfield code="v">Biography</subfield>
            <subfield code="v">Juvenile literature.</subfield>
        </datafield>
        <datafield tag="650" ind1=" " ind2="0">
            <subfield code="a">Authors, English</subfield>
            <subfield code="z">England</subfield>
            <subfield code="z">Oxford</subfield>
            <subfield code="v">Biography.</subfield>
        </datafield>
        <datafield tag="651" ind1=" " ind2="0">
            <subfield code="a">Oxford (England)</subfield>
            <subfield code="v">Biography.</subfield>
        </datafield>
        <datafield tag="852" ind1="8" ind2=" ">
            <subfield code="a">UkOxU</subfield>
            <subfield code="b">BODBL</subfield>
            <subfield code="h">M02.G02799</subfield>
        </datafield>
        <datafield tag="852" ind1="8" ind2=" ">
            <subfield code="a">UkOxU</subfield>
            <subfield code="b">COSNU</subfield>
            <subfield code="c">OHCSV</subfield>
            <subfield code="h">SV314</subfield>
        </datafield>
    </record>