
    <record>
        <leader>03981ngm a2200697 a 4500</leader>
        <controlfield tag="001">015458637</controlfield>
        <controlfield tag="003">UkOxU</controlfield>
        <controlfield tag="005">20230109154310.0</controlfield>
        <controlfield tag="007">vd cvaizs</controlfield>
        <controlfield tag="008">030121p20022001enk171            vleng d</controlfield>
        <datafield tag="028" ind1="4" ind2="1">
            <subfield code="a">EDV9169</subfield>
            <subfield code="b">Entertainment In Video</subfield>
        </datafield>
        <datafield tag="040" ind1=" " ind2=" ">
            <subfield code="a">UkOxU</subfield>
            <subfield code="b">eng</subfield>
            <subfield code="c">UkOxU</subfield>
        </datafield>
        <datafield tag="130" ind1="0" ind2=" ">
            <subfield code="a">Lord of the rings, the fellowship of the ring (Motion picture)</subfield>
        </datafield>
        <datafield tag="245" ind1="1" ind2="4">
            <subfield code="a">The lord of the rings</subfield>
            <subfield code="h">[videorecording] :</subfield>
            <subfield code="b">the fellowship of the ring /</subfield>
            <subfield code="c">screenplay by Fran Walsh, Philippa Boyens, Peter Jackson ; based on the book by J.R.R. Tolkien ; produced by Barrie M. Osborne, Peter Jackson, Fran Walsh, Tim Sanders ; directed by Peter Jackson.</subfield>
        </datafield>
        <datafield tag="246" ind1="3" ind2="0">
            <subfield code="a">Fellowship of the ring</subfield>
            <subfield code="h">[videorecording].</subfield>
        </datafield>
        <datafield tag="250" ind1=" " ind2=" ">
            <subfield code="a">[Widescreen ed.].</subfield>
        </datafield>
        <datafield tag="260" ind1=" " ind2=" ">
            <subfield code="a">[London?] :</subfield>
            <subfield code="b">Entertainment In Video,</subfield>
            <subfield code="c">2002.</subfield>
        </datafield>
        <datafield tag="300" ind1=" " ind2=" ">
            <subfield code="a">2 DVDs (171 min.) :</subfield>
            <subfield code="b">sd., col. ;</subfield>
            <subfield code="c">4 3/4 in.</subfield>
        </datafield>
        <datafield tag="500" ind1=" " ind2=" ">
            <subfield code="a">DVD video release of the film produced in 2001.</subfield>
        </datafield>
        <datafield tag="511" ind1="1" ind2=" ">
            <subfield code="a">Cast: Elijah Wood, Ian McKellen, Liv Tyler, Viggo Mortensen, Sean Astin, Cate Blanchett, John Rhys-Davies, Billy Boyd, Dominic Monaghan, Orlando Bloom, Christopher Lee, Hugo Weaving, Sean Bean, Ian Holm, Andy Serkis.</subfield>
        </datafield>
        <datafield tag="508" ind1=" " ind2=" ">
            <subfield code="a">Credits: Director of photography, Andrew Lesnie ; production designer, Grant Major ; visual effects supervisor, Jim Rygiel ; music, Howard Shore.</subfield>
        </datafield>
        <datafield tag="500" ind1=" " ind2=" ">
            <subfield code="a">Dolby Digital 5.1 and Dolby Surround.</subfield>
        </datafield>
        <datafield tag="500" ind1=" " ind2=" ">
            <subfield code="a">Subtitle options: English.</subfield>
        </datafield>
        <datafield tag="500" ind1=" " ind2=" ">
            <subfield code="a">Special features (on disc 2): IN-DEPTH PROGRAMMES - Welcome to Middle-earth, Quest for the Ring, A passage to Middle-earth ; FEATURETTES - Finding Hobbiton, Hobbiton comes alive, Believing the world of Bree, Ringwraiths: the fallen kings, Rivendell: the elven refuge, Languages of Middle-earth, Two wizards, Music of Middle-earth, Elijah Wood, Viggo Mortensen, Orlando Bloom, Cate Blanchett, Liv Tyler, Ian McKellen, Weathertop: the windy hill ; 10-min preview of &quot;The Lord of the Rings: The Two Towers&quot; ; original theatrical trailers and TV spots ; Enya &quot;May it be&quot; music video ; preview of Electronic Arts' video game &quot;The Lord of the Rings: The Two Towers&quot; ; an inside look at the Special Extended DVD edition of &quot;The Fellowship of the Ring&quot;.</subfield>
        </datafield>
        <datafield tag="520" ind1=" " ind2=" ">
            <subfield code="a">An epic fantasy tale of good versus evil, friendship and sacrifice. With the help of a courageous fellowship of friends and allies, Frodo the hobbit embarks on a perilous mission to destroy the legendary One Ring. Hunting him are servants of the Dark Lord Sauron, the Ring's evil creator. If Sauron reclaims the Ring, the whole of Middle-earth is doomed.</subfield>
        </datafield>
        <datafield tag="521" ind1=" " ind2=" ">
            <subfield code="a">UK Cert. PG.</subfield>
        </datafield>
        <datafield tag="530" ind1=" " ind2=" ">
            <subfield code="a">Issued also as a VHS videocassette.</subfield>
        </datafield>
        <datafield tag="538" ind1=" " ind2=" ">
            <subfield code="a">PAL Region 2.</subfield>
        </datafield>
        <datafield tag="650" ind1=" " ind2="0">
            <subfield code="a">Middle Earth (Imaginary place)</subfield>
            <subfield code="v">Drama.</subfield>
        </datafield>
        <datafield tag="600" ind1="1" ind2="0">
            <subfield code="a">Baggins, Frodo</subfield>
            <subfield code="v">Drama.</subfield>
        </datafield>
        <datafield tag="655" ind1=" " ind2="7">
            <subfield code="a">Fantasy films.</subfield>
            <subfield code="2">lcgft</subfield>
        </datafield>
        <datafield tag="655" ind1=" " ind2="7">
            <subfield code="a">Fiction films.</subfield>
            <subfield code="2">lcgft</subfield>
        </datafield>
        <datafield tag="655" ind1=" " ind2="7">
            <subfield code="a">Feature films.</subfield>
            <subfield code="2">lcgft</subfield>
        </datafield>
        <datafield tag="655" ind1=" " ind2="7">
            <subfield code="a">Film adaptations.</subfield>
            <subfield code="2">lcgft</subfield>
        </datafield>
        <datafield tag="700" ind1="1" ind2=" ">
            <subfield code="a">Jackson, Peter,</subfield>
            <subfield code="d">1961-</subfield>
        </datafield>
        <datafield tag="700" ind1="1" ind2=" ">
            <subfield code="a">Walsh, Fran,</subfield>
            <subfield code="d">1959-</subfield>
        </datafield>
        <datafield tag="700" ind1="1" ind2=" ">
            <subfield code="a">Boyens, Philippa.</subfield>
        </datafield>
        <datafield tag="700" ind1="1" ind2=" ">
            <subfield code="a">Osborne, Barrie M.</subfield>
        </datafield>
        <datafield tag="700" ind1="1" ind2=" ">
            <subfield code="a">Sanders, Tim</subfield>
            <subfield code="c">(Film producer)</subfield>
        </datafield>
        <datafield tag="700" ind1="1" ind2=" ">
            <subfield code="a">Wood, Elijah,</subfield>
            <subfield code="d">1981-</subfield>
        </datafield>
        <datafield tag="700" ind1="1" ind2=" ">
            <subfield code="a">McKellen, Ian.</subfield>
        </datafield>
        <datafield tag="700" ind1="1" ind2=" ">
            <subfield code="a">Tyler, Liv.</subfield>
        </datafield>
        <datafield tag="700" ind1="1" ind2=" ">
            <subfield code="a">Mortensen, Viggo,</subfield>
            <subfield code="d">1958-</subfield>
        </datafield>
        <datafield tag="700" ind1="1" ind2=" ">
            <subfield code="a">Astin, Sean.</subfield>
        </datafield>
        <datafield tag="700" ind1="1" ind2=" ">
            <subfield code="a">Blanchett, Cate,</subfield>
            <subfield code="d">1969-</subfield>
        </datafield>
        <datafield tag="700" ind1="1" ind2=" ">
            <subfield code="a">Rhys-Davies, John.</subfield>
        </datafield>
        <datafield tag="700" ind1="1" ind2=" ">
            <subfield code="a">Lee, Christopher,</subfield>
            <subfield code="d">1922-2015.</subfield>
        </datafield>
        <datafield tag="700" ind1="1" ind2=" ">
            <subfield code="a">Bean, Sean.</subfield>
        </datafield>
        <datafield tag="700" ind1="1" ind2=" ">
            <subfield code="a">Bloom, Orlando,</subfield>
            <subfield code="d">1977-</subfield>
        </datafield>
        <datafield tag="700" ind1="1" ind2=" ">
            <subfield code="a">Lesnie, Andrew,</subfield>
            <subfield code="d">1956-2015.</subfield>
        </datafield>
        <datafield tag="700" ind1="1" ind2=" ">
            <subfield code="a">Major, Grant.</subfield>
        </datafield>
        <datafield tag="700" ind1="1" ind2=" ">
            <subfield code="a">Shore, Howard.</subfield>
        </datafield>
        <datafield tag="700" ind1="1" ind2=" ">
            <subfield code="a">Rygiel, Jim.</subfield>
        </datafield>
        <datafield tag="700" ind1="1" ind2=" ">
            <subfield code="a">Tolkien, J. R. R.</subfield>
            <subfield code="q">(John Ronald Reuel),</subfield>
            <subfield code="d">1892-1973.</subfield>
            <subfield code="t">Fellowship of the ring.</subfield>
        </datafield>
        <datafield tag="852" ind1="8" ind2=" ">
            <subfield code="a">UkOxU</subfield>
            <subfield code="b">NEWCL</subfield>
            <subfield code="h">DVD/LOR (1)</subfield>
        </datafield>
        <datafield tag="852" ind1="8" ind2=" ">
            <subfield code="a">UkOxU</subfield>
            <subfield code="b">ANNCL</subfield>
            <subfield code="c">ANNHH</subfield>
            <subfield code="h">DVD:LOR (I) 1</subfield>
        </datafield>
        <datafield tag="852" ind1="8" ind2=" ">
            <subfield code="a">UkOxU</subfield>
            <subfield code="b">ANNCL</subfield>
            <subfield code="c">ANNHH</subfield>
            <subfield code="h">DVD:LOR (I) 2</subfield>
        </datafield>
        <datafield tag="852" ind1="8" ind2=" ">
            <subfield code="a">UkOxU</subfield>
            <subfield code="b">OUSNU</subfield>
            <subfield code="c">OUSLR</subfield>
            <subfield code="h">DVD.LOR</subfield>
        </datafield>
        <datafield tag="852" ind1="8" ind2=" ">
            <subfield code="a">UkOxU</subfield>
            <subfield code="b">SOMCL</subfield>
            <subfield code="h">DVD F</subfield>
        </datafield>
        <datafield tag="852" ind1="8" ind2=" ">
            <subfield code="a">UkOxU</subfield>
            <subfield code="b">HUGCL</subfield>
            <subfield code="c">HUGLB</subfield>
            <subfield code="h">DVD LOR (Disc 1)</subfield>
        </datafield>
        <datafield tag="852" ind1="8" ind2=" ">
            <subfield code="a">UkOxU</subfield>
            <subfield code="b">HUGCL</subfield>
            <subfield code="c">HUGLB</subfield>
            <subfield code="h">DVD LOR (Disc 2)</subfield>
        </datafield>
    </record>