
    <record>
        <leader>00756pam a2200241 a 4500</leader>
        <controlfield tag="001">015560715</controlfield>
        <controlfield tag="003">UkOxU</controlfield>
        <controlfield tag="005">20040603122327.0</controlfield>
        <controlfield tag="008">040209s2002    enk           000 0 eng d</controlfield>
        <datafield tag="015" ind1=" " ind2=" ">
            <subfield code="a">GB A2-Z1077</subfield>
        </datafield>
        <datafield tag="020" ind1=" " ind2=" ">
            <subfield code="a">1842910752</subfield>
        </datafield>
        <datafield tag="035" ind1=" " ind2=" ">
            <subfield code="a">BNB2779.3448</subfield>
        </datafield>
        <datafield tag="035" ind1=" " ind2=" ">
            <subfield code="a">(UkOxU)UkOxUw12107439</subfield>
        </datafield>
        <datafield tag="040" ind1=" " ind2=" ">
            <subfield code="a">BDS</subfield>
        </datafield>
        <datafield tag="082" ind1="0" ind2=" ">
            <subfield code="a">823.912</subfield>
            <subfield code="2">21</subfield>
        </datafield>
        <datafield tag="100" ind1="1" ind2=" ">
            <subfield code="a">Smith, Mark Eddy,</subfield>
            <subfield code="d">1967-</subfield>
        </datafield>
        <datafield tag="245" ind1="1" ind2="2">
            <subfield code="a">A closer look at The Lord of the Rings /</subfield>
            <subfield code="c">Mark Eddy Smith.</subfield>
        </datafield>
        <datafield tag="260" ind1=" " ind2=" ">
            <subfield code="a">Eastbourne :</subfield>
            <subfield code="b">Kingsway Communications,</subfield>
            <subfield code="c">2002.</subfield>
        </datafield>
        <datafield tag="300" ind1=" " ind2=" ">
            <subfield code="a">141 p. ;</subfield>
            <subfield code="c">20 cm.</subfield>
        </datafield>
        <datafield tag="504" ind1=" " ind2=" ">
            <subfield code="a">Includes bibliographical references</subfield>
        </datafield>
        <datafield tag="600" ind1="1" ind2="0">
            <subfield code="a">Tolkien, J. R. R.</subfield>
            <subfield code="q">(John Ronald Reuel),</subfield>
            <subfield code="d">1892-1973.</subfield>
            <subfield code="t">Lord of the rings.</subfield>
        </datafield>
        <datafield tag="650" ind1=" " ind2="0">
            <subfield code="a">Christian life in literature.</subfield>
        </datafield>
        <datafield tag="852" ind1="8" ind2=" ">
            <subfield code="a">UkOxU</subfield>
            <subfield code="b">BODBL</subfield>
            <subfield code="h">M04.G01987</subfield>
        </datafield>
    </record>