
    <record>
        <leader>03945ngm a2200625 a 4500</leader>
        <controlfield tag="001">015607026</controlfield>
        <controlfield tag="003">UkOxU</controlfield>
        <controlfield tag="005">20230109154145.0</controlfield>
        <controlfield tag="007">vd cvaizq</controlfield>
        <controlfield tag="008">031117p20032002enk172            vleng d</controlfield>
        <datafield tag="028" ind1="4" ind2="1">
            <subfield code="a">EDV9179</subfield>
            <subfield code="b">Entertainment In Video</subfield>
        </datafield>
        <datafield tag="040" ind1=" " ind2=" ">
            <subfield code="a">UkOxU</subfield>
            <subfield code="b">eng</subfield>
            <subfield code="c">UkOxU</subfield>
        </datafield>
        <datafield tag="130" ind1="0" ind2=" ">
            <subfield code="a">Lord of the rings, the two towers (Motion picture)</subfield>
        </datafield>
        <datafield tag="245" ind1="1" ind2="4">
            <subfield code="a">The lord of the rings</subfield>
            <subfield code="h">[videorecording] :</subfield>
            <subfield code="b">The two towers /</subfield>
            <subfield code="c">screenplay by Fran Walsh, Philippa Boyens, Stephen Sinclair, Peter Jackson ; based on the book by J.R.R. Tolkien ; produced by Barrie M. Osborne, Peter Jackson, Fran Walsh ; directed by Peter Jackson.</subfield>
        </datafield>
        <datafield tag="246" ind1="3" ind2="0">
            <subfield code="a">Two towers</subfield>
            <subfield code="h">[videorecording].</subfield>
        </datafield>
        <datafield tag="250" ind1=" " ind2=" ">
            <subfield code="a">[Widescreen ed.]</subfield>
        </datafield>
        <datafield tag="260" ind1=" " ind2=" ">
            <subfield code="a">[London?] :</subfield>
            <subfield code="b">Entertainment In Video,</subfield>
            <subfield code="c">2003.</subfield>
        </datafield>
        <datafield tag="300" ind1=" " ind2=" ">
            <subfield code="a">2 DVDs (172 min.) :</subfield>
            <subfield code="b">sd., col. ;</subfield>
            <subfield code="c">4 3/4 in.</subfield>
        </datafield>
        <datafield tag="500" ind1=" " ind2=" ">
            <subfield code="a">DVD video release of the film produced in 2002.</subfield>
        </datafield>
        <datafield tag="511" ind1="1" ind2=" ">
            <subfield code="a">Cast: Elijah Wood, Ian McKellen, Liv Tyler, Viggo Mortensen, Sean Astin, Cate Blanchett, John Rhys-Davies, Billy Boyd, Bernard Hill, Dominic Monaghan, Orlando Bloom, Christopher Lee, Hugo Weaving, Miranda Otto, David Wenham, Brad Dourif, Karl Urban, Andy Serkis.</subfield>
        </datafield>
        <datafield tag="508" ind1=" " ind2=" ">
            <subfield code="a">Credits: Director of photography, Andrew Lesnie ; production designer, Grant Major ; visual effects supervisor, Jim Rygiel ; music, Howard Shore.</subfield>
        </datafield>
        <datafield tag="500" ind1=" " ind2=" ">
            <subfield code="a">Dolby Digital 5.1 and Dolby Surround.</subfield>
        </datafield>
        <datafield tag="500" ind1=" " ind2=" ">
            <subfield code="a">Subtitle options: English.</subfield>
        </datafield>
        <datafield tag="500" ind1=" " ind2=" ">
            <subfield code="a">Special features (on disc 2): IN-DEPTH PROGRAMMES - Revealing the secrets behind the production of the epic adventure (On the set-The Lord of the Rings: The Two Towers; Return to Middle-earth); A short film directed by Sean Astin (The long and the short of it); The making of &quot;The long and the short of it&quot; / FEATURETTES - Forces of darkness; Designing the sounds of Middle-earth; Edoras: the Rohan capital; Creatures of Middle-earth; Gandalf the White; Arms and armour; The battle of Helm's Deep; Bringing Gollum to life. / Exclusive 10 minute behind-the-scenes preview of &quot;The Return of the King&quot; / Original theatrical trailers and TV spots / &quot;Gollum's song&quot; music video by Emiliana Torrini / Preview of Electronic Arts' video game &quot;The Lord of the Rings: The Return of the King&quot; / An inside look at the special extended DVD edition of &quot;The Two Towers&quot;.</subfield>
        </datafield>
        <datafield tag="520" ind1=" " ind2=" ">
            <subfield code="a">The multi Oscar-nominated second chapter of the epic fantasy tale of good versus evil, friendship and sacrifice. The Fellowship has broken, but the quest to destroy the One Ring continues. Frodo and Sam must entrust their lives to Gollum if they are to find their way to Mordor. As Saruman's army approaches, the surviving members of The Fellowship, along with people and creatures from Middle-earth, prepare for battle. The War of the Ring has begun.</subfield>
        </datafield>
        <datafield tag="521" ind1=" " ind2=" ">
            <subfield code="a">UK Cert. 12.</subfield>
        </datafield>
        <datafield tag="530" ind1=" " ind2=" ">
            <subfield code="a">Issued also as a VHS videocassette.</subfield>
        </datafield>
        <datafield tag="538" ind1=" " ind2=" ">
            <subfield code="a">PAL Region 2.</subfield>
        </datafield>
        <datafield tag="650" ind1=" " ind2="0">
            <subfield code="a">Middle Earth (Imaginary place)</subfield>
            <subfield code="v">Drama.</subfield>
        </datafield>
        <datafield tag="600" ind1="1" ind2="0">
            <subfield code="a">Baggins, Frodo</subfield>
            <subfield code="v">Drama.</subfield>
        </datafield>
        <datafield tag="655" ind1=" " ind2="7">
            <subfield code="a">Fantasy films.</subfield>
            <subfield code="2">lcgft</subfield>
        </datafield>
        <datafield tag="655" ind1=" " ind2="7">
            <subfield code="a">Fiction films.</subfield>
            <subfield code="2">lcgft</subfield>
        </datafield>
        <datafield tag="655" ind1=" " ind2="7">
            <subfield code="a">Feature films.</subfield>
            <subfield code="2">lcgft</subfield>
        </datafield>
        <datafield tag="655" ind1=" " ind2="7">
            <subfield code="a">Film adaptations.</subfield>
            <subfield code="2">lcgft</subfield>
        </datafield>
        <datafield tag="700" ind1="1" ind2=" ">
            <subfield code="a">Jackson, Peter,</subfield>
            <subfield code="d">1961-</subfield>
        </datafield>
        <datafield tag="700" ind1="1" ind2=" ">
            <subfield code="a">Walsh, Fran,</subfield>
            <subfield code="d">1959-</subfield>
        </datafield>
        <datafield tag="700" ind1="1" ind2=" ">
            <subfield code="a">Boyens, Philippa.</subfield>
        </datafield>
        <datafield tag="700" ind1="1" ind2=" ">
            <subfield code="a">Sinclair, Stephen.</subfield>
        </datafield>
        <datafield tag="700" ind1="1" ind2=" ">
            <subfield code="a">Wood, Elijah,</subfield>
            <subfield code="d">1981-</subfield>
        </datafield>
        <datafield tag="700" ind1="1" ind2=" ">
            <subfield code="a">McKellen, Ian.</subfield>
        </datafield>
        <datafield tag="700" ind1="1" ind2=" ">
            <subfield code="a">Tyler, Liv.</subfield>
        </datafield>
        <datafield tag="700" ind1="1" ind2=" ">
            <subfield code="a">Mortensen, Viggo,</subfield>
            <subfield code="d">1958-</subfield>
        </datafield>
        <datafield tag="700" ind1="1" ind2=" ">
            <subfield code="a">Astin, Sean.</subfield>
        </datafield>
        <datafield tag="700" ind1="1" ind2=" ">
            <subfield code="a">Blanchett, Cate,</subfield>
            <subfield code="d">1969-</subfield>
        </datafield>
        <datafield tag="700" ind1="1" ind2=" ">
            <subfield code="a">Rhys-Davies, John.</subfield>
        </datafield>
        <datafield tag="700" ind1="1" ind2=" ">
            <subfield code="a">Hill, Bernard,</subfield>
            <subfield code="d">1944-</subfield>
        </datafield>
        <datafield tag="700" ind1="1" ind2=" ">
            <subfield code="a">Lee, Christopher,</subfield>
            <subfield code="d">1922-2015.</subfield>
        </datafield>
        <datafield tag="700" ind1="1" ind2=" ">
            <subfield code="a">Bloom, Orlando,</subfield>
            <subfield code="d">1977-</subfield>
        </datafield>
        <datafield tag="700" ind1="1" ind2=" ">
            <subfield code="a">Shore, Howard.</subfield>
        </datafield>
        <datafield tag="700" ind1="1" ind2=" ">
            <subfield code="a">Tolkien, J. R. R.</subfield>
            <subfield code="q">(John Ronald Reuel),</subfield>
            <subfield code="d">1892-1973.</subfield>
            <subfield code="t">Two towers.</subfield>
        </datafield>
        <datafield tag="852" ind1="8" ind2=" ">
            <subfield code="a">UkOxU</subfield>
            <subfield code="b">ANNCL</subfield>
            <subfield code="c">ANNHH</subfield>
            <subfield code="h">DVD:LOR (II) 1</subfield>
        </datafield>
        <datafield tag="852" ind1="8" ind2=" ">
            <subfield code="a">UkOxU</subfield>
            <subfield code="b">ANNCL</subfield>
            <subfield code="c">ANNHH</subfield>
            <subfield code="h">DVD:LOR (II) 2</subfield>
        </datafield>
        <datafield tag="852" ind1="8" ind2=" ">
            <subfield code="a">UkOxU</subfield>
            <subfield code="b">NEWCL</subfield>
            <subfield code="h">DVD/LOR (2)</subfield>
        </datafield>
        <datafield tag="852" ind1="8" ind2=" ">
            <subfield code="a">UkOxU</subfield>
            <subfield code="b">OUSNU</subfield>
            <subfield code="c">OUSLR</subfield>
            <subfield code="h">DVD.LOR</subfield>
        </datafield>
        <datafield tag="852" ind1="8" ind2=" ">
            <subfield code="a">UkOxU</subfield>
            <subfield code="b">SOMCL</subfield>
            <subfield code="h">DVD F</subfield>
        </datafield>
    </record>