
    <record>
        <leader>03212ngm a2200517 a 4500</leader>
        <controlfield tag="001">015608502</controlfield>
        <controlfield tag="003">UkOxU</controlfield>
        <controlfield tag="005">20031118191014.0</controlfield>
        <controlfield tag="007">vd cvaizk</controlfield>
        <controlfield tag="008">031118p20032002enk214 g          vleng d</controlfield>
        <datafield tag="028" ind1="4" ind2="2">
            <subfield code="a">EDV9188</subfield>
            <subfield code="b">New Line Home Entertainment</subfield>
        </datafield>
        <datafield tag="245" ind1="0" ind2="4">
            <subfield code="a">The lord of the rings</subfield>
            <subfield code="h">[videorecording] :</subfield>
            <subfield code="b">the two towers /</subfield>
            <subfield code="c">New Line Cinema presents a Wingnut Films production ; producers, Barrie M. Osborne ... [et al.] ; screenplay writers, Fran Walsh ... [et al.] ; based on the books by J.R.R. Tolkien ; director, Peter Jackson.</subfield>
        </datafield>
        <datafield tag="246" ind1="3" ind2="0">
            <subfield code="a">Two towers</subfield>
            <subfield code="h">[videorecording]</subfield>
        </datafield>
        <datafield tag="250" ind1=" " ind2=" ">
            <subfield code="a">Special extended DVD ed.</subfield>
        </datafield>
        <datafield tag="260" ind1=" " ind2=" ">
            <subfield code="a">[United Kingdom] :</subfield>
            <subfield code="b">New Line Home Entertainment,</subfield>
            <subfield code="c">c2003.</subfield>
        </datafield>
        <datafield tag="300" ind1=" " ind2=" ">
            <subfield code="a">4 DVDs (214 min.) :</subfield>
            <subfield code="b">sd., col. ;</subfield>
            <subfield code="c">4 3/4 in. +</subfield>
            <subfield code="e">1 booklet.</subfield>
        </datafield>
        <datafield tag="538" ind1=" " ind2=" ">
            <subfield code="a">DVD Region 2. Dolby digital EX 5.1 surround sound. DTS-ES 6.1 surround sound. Stereo surround sound. Widescreen version of the film.</subfield>
        </datafield>
        <datafield tag="511" ind1="1" ind2=" ">
            <subfield code="a">Cast: Elijah Wood, Ian McKellen, Liv Tyler, Viggo Mortensen, Sean Astin, Cate Blanchett, John Rhys-Davies, Christopher Lee.</subfield>
        </datafield>
        <datafield tag="508" ind1=" " ind2=" ">
            <subfield code="a">Credits: Director of photography, Andrew Lesnie ; editor, John Gilbert ; music, Howard Shore ; costume designers, Ngila Dickson ... [et al.] ; production designer, Grant Major.</subfield>
        </datafield>
        <datafield tag="500" ind1=" " ind2=" ">
            <subfield code="a">Originally produced as a motion picture in 2002.</subfield>
        </datafield>
        <datafield tag="521" ind1=" " ind2=" ">
            <subfield code="a">UK cert. 12.</subfield>
        </datafield>
        <datafield tag="500" ind1=" " ind2=" ">
            <subfield code="a">Special features: Discs 1 &amp; 2: four feature-length commentaries by the director and writers, the cast, the production and design teams, with over 40 participants.</subfield>
        </datafield>
        <datafield tag="500" ind1=" " ind2=" ">
            <subfield code="a">Special features: Disc 3: The appendices part 3 - The journey continues .... : Five original documentaries covering adapting the book into a screenplay, the origins of Middle-earth, designing Middle-earth, a visiti to the Weta Workshops, and an in-depth look at creating and bringing Gollum to life. Two interactive maps. Galleries with audio commentaries.</subfield>
        </datafield>
        <datafield tag="500" ind1=" " ind2=" ">
            <subfield code="a">Special features: Disc 4: The appendices part 4 - The battle for Middle-earth begins : 8 original documentaries covering the filming of The two towers, the visual effects, editing, music and sound, stunts and fight training, and a visit to Weta Digital. Interactive sound demonstration of The battle of Helm's Deep. Galleries and audio commentaries.</subfield>
        </datafield>
        <datafield tag="650" ind1=" " ind2="0">
            <subfield code="a">Fantasy films.</subfield>
        </datafield>
        <datafield tag="600" ind1="1" ind2="0">
            <subfield code="a">Tolkien, J. R. R.</subfield>
            <subfield code="q">(John Ronald Reuel),</subfield>
            <subfield code="d">1892-1973.</subfield>
            <subfield code="t">Two towers.</subfield>
        </datafield>
        <datafield tag="700" ind1="1" ind2=" ">
            <subfield code="a">Jackson, Peter,</subfield>
            <subfield code="d">1961-</subfield>
        </datafield>
        <datafield tag="700" ind1="1" ind2=" ">
            <subfield code="a">Osborne, Barrie.</subfield>
        </datafield>
        <datafield tag="700" ind1="1" ind2=" ">
            <subfield code="a">Walsh, Fran,</subfield>
            <subfield code="d">1959-</subfield>
        </datafield>
        <datafield tag="700" ind1="1" ind2=" ">
            <subfield code="a">Wood, Elijah,</subfield>
            <subfield code="d">1981-</subfield>
        </datafield>
        <datafield tag="700" ind1="1" ind2=" ">
            <subfield code="a">McKellen, Ian.</subfield>
        </datafield>
        <datafield tag="700" ind1="1" ind2=" ">
            <subfield code="a">Tyler, Liv.</subfield>
        </datafield>
        <datafield tag="700" ind1="1" ind2=" ">
            <subfield code="a">Mortensen, Viggo,</subfield>
            <subfield code="d">1958-</subfield>
        </datafield>
        <datafield tag="700" ind1="1" ind2=" ">
            <subfield code="a">Astin, Sean.</subfield>
        </datafield>
        <datafield tag="700" ind1="1" ind2=" ">
            <subfield code="a">Blanchett, Cate,</subfield>
            <subfield code="d">1969-</subfield>
        </datafield>
        <datafield tag="700" ind1="1" ind2=" ">
            <subfield code="a">Rhys-Davies, John.</subfield>
        </datafield>
        <datafield tag="700" ind1="1" ind2=" ">
            <subfield code="a">Lee, Christopher,</subfield>
            <subfield code="d">1922-2015.</subfield>
        </datafield>
        <datafield tag="700" ind1="1" ind2=" ">
            <subfield code="a">Tolkien, J. R. R.</subfield>
            <subfield code="q">(John Ronald Reuel),</subfield>
            <subfield code="d">1892-1973.</subfield>
            <subfield code="t">Two towers.</subfield>
        </datafield>
        <datafield tag="710" ind1="2" ind2=" ">
            <subfield code="a">New Line Cinema Corporation.</subfield>
        </datafield>
        <datafield tag="710" ind1="2" ind2=" ">
            <subfield code="a">WingNut Films (Firm)</subfield>
        </datafield>
        <datafield tag="710" ind1="2" ind2=" ">
            <subfield code="a">New Line Home Entertainment (Firm)</subfield>
        </datafield>
        <datafield tag="852" ind1="8" ind2=" ">
            <subfield code="a">UkOxU</subfield>
            <subfield code="b">ANNCL</subfield>
            <subfield code="c">ANNHH</subfield>
            <subfield code="h">DVD:LOR/E (II)</subfield>
        </datafield>
        <datafield tag="852" ind1="8" ind2=" ">
            <subfield code="a">UkOxU</subfield>
            <subfield code="b">HUGCL</subfield>
            <subfield code="c">HUGLB</subfield>
            <subfield code="h">DVD LOR (Disc 1)</subfield>
        </datafield>
        <datafield tag="852" ind1="8" ind2=" ">
            <subfield code="a">UkOxU</subfield>
            <subfield code="b">HUGCL</subfield>
            <subfield code="c">HUGLB</subfield>
            <subfield code="h">DVD LOR (Disc 2)</subfield>
        </datafield>
        <datafield tag="852" ind1="8" ind2=" ">
            <subfield code="a">UkOxU</subfield>
            <subfield code="b">MAGCL</subfield>
            <subfield code="c">MAGNW</subfield>
            <subfield code="h">V JAC LOR/E</subfield>
            <subfield code="m">pt.2</subfield>
        </datafield>
        <datafield tag="852" ind1="8" ind2=" ">
            <subfield code="a">UkOxU</subfield>
            <subfield code="b">KEBCL</subfield>
            <subfield code="h">DVD 1 OR/2</subfield>
        </datafield>
    </record>