
    <record>
        <leader>01646ncm a2200265 a 4500</leader>
        <controlfield tag="001">015678324</controlfield>
        <controlfield tag="003">UkOxU</controlfield>
        <controlfield tag="005">20040727130339.0</controlfield>
        <controlfield tag="008">040427s2002    flumpc         n    eng d</controlfield>
        <datafield tag="020" ind1=" " ind2=" ">
            <subfield code="a">0757992730</subfield>
        </datafield>
        <datafield tag="028" ind1="2" ind2="2">
            <subfield code="a">0659B</subfield>
            <subfield code="b">Warner Bros. Publications</subfield>
        </datafield>
        <datafield tag="100" ind1="1" ind2=" ">
            <subfield code="a">Shore, Howard.</subfield>
        </datafield>
        <datafield tag="240" ind1="1" ind2="0">
            <subfield code="a">Lord of the rings, the fellowship of the ring.</subfield>
            <subfield code="s">Vocal score.</subfield>
            <subfield code="k">Selections</subfield>
        </datafield>
        <datafield tag="245" ind1="1" ind2="4">
            <subfield code="a">The lord of the rings, the fellowship of the ring.</subfield>
        </datafield>
        <datafield tag="246" ind1="3" ind2="0">
            <subfield code="a">Fellowship of the ring</subfield>
        </datafield>
        <datafield tag="260" ind1=" " ind2=" ">
            <subfield code="a">Miami, Fla. :</subfield>
            <subfield code="b">Warner Bros. Publications,</subfield>
            <subfield code="c">c2002.</subfield>
        </datafield>
        <datafield tag="300" ind1=" " ind2=" ">
            <subfield code="a">1 vocal score (26 p.) :</subfield>
            <subfield code="b">col. ill. ;</subfield>
            <subfield code="c">31 cm.</subfield>
        </datafield>
        <datafield tag="500" ind1=" " ind2=" ">
            <subfield code="a">Music from the motion picture score, by Howard Shore and others.</subfield>
        </datafield>
        <datafield tag="500" ind1=" " ind2=" ">
            <subfield code="a">Principally for voice(s) and piano, with chord symbols; the 5th selection for piano.</subfield>
        </datafield>
        <datafield tag="546" ind1=" " ind2=" ">
            <subfield code="a">Words in English and Elvish; English translations, printed as text, for 2nd-4th selections.</subfield>
        </datafield>
        <datafield tag="505" ind1="0" ind2=" ">
            <subfield code="a">In dreams : featured in The breaking of the fellowship / words and music by Fran Walsh and Howard Shore -- The prophecy / music by Howard Shore ; text by J.R.R. Tolkien, adapted by Philippa Boyens -- Aníron : theme for Aragorn and Arwen / music by Enya and Nicky Ryan ; words by Roma Ryan -- Lament for Gandalf : featured in Lothlorien / music by Howard Shore ; text by Philippa Boyens -- Many meetings / music by Howard Shore -- May it be / music by Enya and Nicky Ryan ; words by Roma Ryan.</subfield>
        </datafield>
        <datafield tag="650" ind1=" " ind2="0">
            <subfield code="a">Motion picture music</subfield>
            <subfield code="v">Excerpts</subfield>
            <subfield code="v">Vocal scores with piano.</subfield>
        </datafield>
        <datafield tag="650" ind1=" " ind2="0">
            <subfield code="a">Motion picture music</subfield>
            <subfield code="v">Excerpts</subfield>
            <subfield code="v">Piano scores.</subfield>
        </datafield>
        <datafield tag="730" ind1="0" ind2=" ">
            <subfield code="a">Lord of the rings, the fellowship of the ring (Motion picture)</subfield>
        </datafield>
        <datafield tag="852" ind1="8" ind2=" ">
            <subfield code="a">UkOxU</subfield>
            <subfield code="b">BODBL</subfield>
            <subfield code="k">(W)</subfield>
            <subfield code="h">Mus. 5 c.L.57</subfield>
            <subfield code="m">(15)</subfield>
        </datafield>
    </record>