
    <record>
        <leader>00843cam a2200253 a 4500</leader>
        <controlfield tag="001">015685237</controlfield>
        <controlfield tag="003">UkOxU</controlfield>
        <controlfield tag="005">20040513095600.0</controlfield>
        <controlfield tag="008">040206s2003    enkabe        000 0 eng d</controlfield>
        <datafield tag="015" ind1=" " ind2=" ">
            <subfield code="a">GB A4-13334</subfield>
        </datafield>
        <datafield tag="020" ind1=" " ind2=" ">
            <subfield code="a">0007135661 hbk.</subfield>
        </datafield>
        <datafield tag="020" ind1=" " ind2=" ">
            <subfield code="a">000717201X pbk</subfield>
        </datafield>
        <datafield tag="035" ind1=" " ind2=" ">
            <subfield code="a">BNB2785.315</subfield>
        </datafield>
        <datafield tag="040" ind1=" " ind2=" ">
            <subfield code="a">CA/U-1</subfield>
        </datafield>
        <datafield tag="082" ind1="0" ind2=" ">
            <subfield code="a">791.4372</subfield>
            <subfield code="2">21</subfield>
        </datafield>
        <datafield tag="100" ind1="1" ind2=" ">
            <subfield code="a">Smith, Chris</subfield>
            <subfield code="q">(Chris Hawken)</subfield>
        </datafield>
        <datafield tag="245" ind1="1" ind2="4">
            <subfield code="a">The lord of the rings :</subfield>
            <subfield code="b">weapons and warfare : an illustrated guide to the battles, armies and armour of Middle-Earth /</subfield>
            <subfield code="c">Chris Smith.</subfield>
        </datafield>
        <datafield tag="260" ind1=" " ind2=" ">
            <subfield code="a">London :</subfield>
            <subfield code="b">HarperCollins,</subfield>
            <subfield code="c">2003.</subfield>
        </datafield>
        <datafield tag="300" ind1=" " ind2=" ">
            <subfield code="a">vi, 218 p. :</subfield>
            <subfield code="b">ill., maps, plans ;</subfield>
            <subfield code="c">29 cm.</subfield>
        </datafield>
        <datafield tag="650" ind1=" " ind2="0">
            <subfield code="a">Middle Earth (Imaginary place)</subfield>
        </datafield>
        <datafield tag="650" ind1=" " ind2="0">
            <subfield code="a">Armor in literature.</subfield>
        </datafield>
        <datafield tag="650" ind1=" " ind2="0">
            <subfield code="a">Armies in literature.</subfield>
        </datafield>
        <datafield tag="650" ind1=" " ind2="0">
            <subfield code="a">Battles in literature.</subfield>
        </datafield>
        <datafield tag="852" ind1="8" ind2=" ">
            <subfield code="a">UkOxU</subfield>
            <subfield code="b">BODBL</subfield>
            <subfield code="h">X04.C01358</subfield>
            <subfield code="m">(Box B000000004486)</subfield>
        </datafield>
    </record>