
    <record>
        <leader>00711nam a2200181 a 4500</leader>
        <controlfield tag="001">015747922</controlfield>
        <controlfield tag="003">UkOxU</controlfield>
        <controlfield tag="005">20041007144017.0</controlfield>
        <controlfield tag="008">041007r19991954enkb          000 1 eng d</controlfield>
        <datafield tag="020" ind1=" " ind2=" ">
            <subfield code="a">0261102362</subfield>
        </datafield>
        <datafield tag="100" ind1="1" ind2=" ">
            <subfield code="a">Tolkien, J. R. R.</subfield>
            <subfield code="q">(John Ronald Reuel),</subfield>
            <subfield code="d">1892-1973.</subfield>
        </datafield>
        <datafield tag="245" ind1="1" ind2="4">
            <subfield code="a">The two towers :</subfield>
            <subfield code="b">being the second part of The lord of the rings /</subfield>
            <subfield code="c">by J.R.R. Tolkien.</subfield>
        </datafield>
        <datafield tag="260" ind1=" " ind2=" ">
            <subfield code="a">London :</subfield>
            <subfield code="b">HarperCollins,</subfield>
            <subfield code="c">1999.</subfield>
        </datafield>
        <datafield tag="300" ind1=" " ind2=" ">
            <subfield code="a">x, 439 p. :</subfield>
            <subfield code="b">maps ;</subfield>
            <subfield code="c">18 cm.</subfield>
        </datafield>
        <datafield tag="490" ind1="1" ind2=" ">
            <subfield code="a">The lord of the rings ;</subfield>
            <subfield code="v">pt. 2</subfield>
        </datafield>
        <datafield tag="500" ind1=" " ind2=" ">
            <subfield code="a">Originally published: London : Allen &amp; Unwin, 1954.</subfield>
        </datafield>
        <datafield tag="800" ind1="1" ind2=" ">
            <subfield code="a">Tolkien, J. R. R.</subfield>
            <subfield code="q">(John Ronald Reuel),</subfield>
            <subfield code="d">1892-1973.</subfield>
            <subfield code="t">Lord of the rings ;</subfield>
            <subfield code="v">pt. 2</subfield>
        </datafield>
        <datafield tag="852" ind1="8" ind2=" ">
            <subfield code="a">UkOxU</subfield>
            <subfield code="b">BODBL</subfield>
            <subfield code="h">X04.H02053</subfield>
            <subfield code="m">(Box B000000134528)</subfield>
        </datafield>
    </record>