
    <record>
        <leader>00669nam a2200181 a 4500</leader>
        <controlfield tag="001">015809709</controlfield>
        <controlfield tag="003">UkOxU</controlfield>
        <controlfield tag="005">20050222163142.0</controlfield>
        <controlfield tag="008">050222s1981    enkb          000 0 eng d</controlfield>
        <datafield tag="020" ind1=" " ind2=" ">
            <subfield code="a">0345297237</subfield>
        </datafield>
        <datafield tag="020" ind1=" " ind2=" ">
            <subfield code="a">0345296338 (pbk.)</subfield>
        </datafield>
        <datafield tag="100" ind1="1" ind2=" ">
            <subfield code="a">Strachey, Barbara,</subfield>
            <subfield code="d">1912-1999.</subfield>
        </datafield>
        <datafield tag="245" ind1="1" ind2="0">
            <subfield code="a">Journeys of Frodo :</subfield>
            <subfield code="b">an atlas of J.R.R. Tolkien's The Lord of the rings /</subfield>
            <subfield code="c">Barbara Strachey.</subfield>
        </datafield>
        <datafield tag="260" ind1=" " ind2=" ">
            <subfield code="a">New York :</subfield>
            <subfield code="b">Ballantine,</subfield>
            <subfield code="c">1981.</subfield>
        </datafield>
        <datafield tag="300" ind1=" " ind2=" ">
            <subfield code="a">[109] p. :</subfield>
            <subfield code="b">col. maps ;</subfield>
            <subfield code="c">19 x 25 cm.</subfield>
        </datafield>
        <datafield tag="650" ind1=" " ind2="0">
            <subfield code="a">Middle Earth (Imaginary place)</subfield>
            <subfield code="v">Maps.</subfield>
        </datafield>
        <datafield tag="700" ind1="1" ind2=" ">
            <subfield code="a">Tolkien, J. R. R.</subfield>
            <subfield code="q">(John Ronald Reuel),</subfield>
            <subfield code="d">1892-1973.</subfield>
            <subfield code="t">Lord of the rings.</subfield>
        </datafield>
        <datafield tag="852" ind1="8" ind2=" ">
            <subfield code="a">UkOxU</subfield>
            <subfield code="b">BODBL</subfield>
            <subfield code="h">X05.F01677</subfield>
            <subfield code="m">(Box B000000007075)</subfield>
        </datafield>
    </record>