
    <record>
        <leader>01187ncm a2200289 a 4500</leader>
        <controlfield tag="001">015824331</controlfield>
        <controlfield tag="003">UkOxU</controlfield>
        <controlfield tag="005">20050402105431.0</controlfield>
        <controlfield tag="008">050329s2004    enkmpa         n        d</controlfield>
        <datafield tag="020" ind1=" " ind2=" ">
            <subfield code="a">1843288052 (score)</subfield>
        </datafield>
        <datafield tag="020" ind1=" " ind2=" ">
            <subfield code="a">1843288044 (parts)</subfield>
        </datafield>
        <datafield tag="024" ind1="2" ind2=" ">
            <subfield code="a">M570218059 (score)</subfield>
        </datafield>
        <datafield tag="024" ind1="2" ind2=" ">
            <subfield code="a">M570218042 (parts)</subfield>
        </datafield>
        <datafield tag="028" ind1="3" ind2="0">
            <subfield code="a">10101AC</subfield>
            <subfield code="b">International Music Publications</subfield>
        </datafield>
        <datafield tag="028" ind1="3" ind2="0">
            <subfield code="a">10101A</subfield>
            <subfield code="b">International Music Publications</subfield>
        </datafield>
        <datafield tag="100" ind1="1" ind2=" ">
            <subfield code="a">Shore, Howard.</subfield>
        </datafield>
        <datafield tag="240" ind1="1" ind2="0">
            <subfield code="a">Lord of the rings, the return of the king.</subfield>
            <subfield code="k">Selections;</subfield>
            <subfield code="o">arranged</subfield>
        </datafield>
        <datafield tag="245" ind1="1" ind2="0">
            <subfield code="a">Selections from the Lord of the Rings :</subfield>
            <subfield code="b">(The return of the king) /</subfield>
            <subfield code="c">[music by Howard Shore] ; arranged [for brass band] by Philip Harper.</subfield>
        </datafield>
        <datafield tag="246" ind1="3" ind2="0">
            <subfield code="a">Return of the king</subfield>
        </datafield>
        <datafield tag="260" ind1=" " ind2=" ">
            <subfield code="a">London :</subfield>
            <subfield code="b">International Music Publications,</subfield>
            <subfield code="c">c2004.</subfield>
        </datafield>
        <datafield tag="300" ind1=" " ind2=" ">
            <subfield code="a">1 score (35 p.) + 1 set of parts ;</subfield>
            <subfield code="c">31 cm.</subfield>
        </datafield>
        <datafield tag="500" ind1=" " ind2=" ">
            <subfield code="a">Publisher's no.: 10101AC (score), 10101A (parts).</subfield>
        </datafield>
        <datafield tag="650" ind1=" " ind2="0">
            <subfield code="a">Motion picture music</subfield>
            <subfield code="v">Excerpts, Arranged.</subfield>
        </datafield>
        <datafield tag="650" ind1=" " ind2="0">
            <subfield code="a">Brass band music, Arranged</subfield>
            <subfield code="v">Scores and parts.</subfield>
        </datafield>
        <datafield tag="700" ind1="1" ind2=" ">
            <subfield code="a">Harper, Philip</subfield>
            <subfield code="c">(Composer)</subfield>
        </datafield>
        <datafield tag="730" ind1="0" ind2=" ">
            <subfield code="a">Lord of the rings, the return of the king (Motion picture)</subfield>
        </datafield>
        <datafield tag="852" ind1="8" ind2=" ">
            <subfield code="a">UkOxU</subfield>
            <subfield code="b">BODBL</subfield>
            <subfield code="h">Mus. 223 c.41</subfield>
            <subfield code="m">(27)</subfield>
        </datafield>
    </record>