
    <record>
        <leader>00847cam a2200241 a 4500</leader>
        <controlfield tag="001">015849695</controlfield>
        <controlfield tag="003">UkOxU</controlfield>
        <controlfield tag="005">20070511141457.0</controlfield>
        <controlfield tag="008">021209s2001    enka          000 0 eng d</controlfield>
        <datafield tag="015" ind1=" " ind2=" ">
            <subfield code="a">GB A2-17452</subfield>
        </datafield>
        <datafield tag="020" ind1=" " ind2=" ">
            <subfield code="a">0007132727</subfield>
        </datafield>
        <datafield tag="035" ind1=" " ind2=" ">
            <subfield code="a">BNB2721.299</subfield>
        </datafield>
        <datafield tag="040" ind1=" " ind2=" ">
            <subfield code="a">CA/U-1</subfield>
        </datafield>
        <datafield tag="082" ind1="0" ind2=" ">
            <subfield code="a">791.4372</subfield>
            <subfield code="2">21</subfield>
        </datafield>
        <datafield tag="100" ind1="1" ind2=" ">
            <subfield code="a">Sage, Alison</subfield>
        </datafield>
        <datafield tag="245" ind1="1" ind2="4">
            <subfield code="a">The Lord of the rings :</subfield>
            <subfield code="b">The fellowship of the Ring : photo guide /</subfield>
            <subfield code="c">[text by Alison Sage].</subfield>
        </datafield>
        <datafield tag="246" ind1="3" ind2="0">
            <subfield code="a">Fellowship of the Ring photo guide</subfield>
        </datafield>
        <datafield tag="246" ind1="3" ind2="0">
            <subfield code="a">Lord of the rings photo guide</subfield>
        </datafield>
        <datafield tag="260" ind1=" " ind2=" ">
            <subfield code="a">London :</subfield>
            <subfield code="b">Collins,</subfield>
            <subfield code="c">2001.</subfield>
        </datafield>
        <datafield tag="300" ind1=" " ind2=" ">
            <subfield code="a">48 p. :</subfield>
            <subfield code="b">col. ill. ;</subfield>
            <subfield code="c">25 cm.</subfield>
        </datafield>
        <datafield tag="500" ind1=" " ind2=" ">
            <subfield code="a">&quot;A companion to the film The Fellowship of the Ring&quot;--Opposite t.p.</subfield>
        </datafield>
        <datafield tag="630" ind1="0" ind2="0">
            <subfield code="a">Lord of the rings, the fellowship of the ring (Motion picture)</subfield>
            <subfield code="v">Pictorial works.</subfield>
        </datafield>
        <datafield tag="852" ind1="8" ind2=" ">
            <subfield code="a">UkOxU</subfield>
            <subfield code="b">BODBL</subfield>
            <subfield code="h">X05.E02610</subfield>
            <subfield code="m">(Box B000000006298)</subfield>
        </datafield>
    </record>