
    <record>
        <leader>01500cam a2200313 a 4500</leader>
        <controlfield tag="001">015955146</controlfield>
        <controlfield tag="003">UkOxU</controlfield>
        <controlfield tag="005">20060407115820.0</controlfield>
        <controlfield tag="008">060224t20062005enk      b    001 0 eng  </controlfield>
        <datafield tag="010" ind1=" " ind2=" ">
            <subfield code="a">2005018695</subfield>
        </datafield>
        <datafield tag="020" ind1=" " ind2=" ">
            <subfield code="a">082648459X</subfield>
        </datafield>
        <datafield tag="020" ind1=" " ind2=" ">
            <subfield code="a">0826484603 (pbk.)</subfield>
        </datafield>
        <datafield tag="035" ind1=" " ind2=" ">
            <subfield code="a">14018660</subfield>
        </datafield>
        <datafield tag="035" ind1=" " ind2=" ">
            <subfield code="a">(OCoLC)123345665</subfield>
        </datafield>
        <datafield tag="040" ind1=" " ind2=" ">
            <subfield code="a">DLC</subfield>
            <subfield code="c">DLC</subfield>
            <subfield code="d">DLC</subfield>
        </datafield>
        <datafield tag="043" ind1=" " ind2=" ">
            <subfield code="a">e-uk-en</subfield>
        </datafield>
        <datafield tag="050" ind1="0" ind2="0">
            <subfield code="a">PR6039.O32</subfield>
            <subfield code="b">L63713 2006</subfield>
        </datafield>
        <datafield tag="082" ind1="0" ind2="0">
            <subfield code="a">823/.912</subfield>
            <subfield code="2">22</subfield>
        </datafield>
        <datafield tag="245" ind1="0" ind2="0">
            <subfield code="a">Reading The lord of the rings :</subfield>
            <subfield code="b">new writings on Tolkien's classic /</subfield>
            <subfield code="c">edited by Robert Eaglestone.</subfield>
        </datafield>
        <datafield tag="260" ind1=" " ind2=" ">
            <subfield code="a">London :</subfield>
            <subfield code="b">Continuum,</subfield>
            <subfield code="c">2006, c2005.</subfield>
        </datafield>
        <datafield tag="300" ind1=" " ind2=" ">
            <subfield code="a">vi, 214 p. ;</subfield>
            <subfield code="c">22 cm.</subfield>
        </datafield>
        <datafield tag="504" ind1=" " ind2=" ">
            <subfield code="a">Includes bibliographical references and index.</subfield>
        </datafield>
        <datafield tag="505" ind1="0" ind2=" ">
            <subfield code="a">Towards a better Tolkien criticism / Michael D.C. Drout -- Time / Barry Langford -- Gothic echoes / Sue Zlosnik -- The one ring / Adam Roberts -- Invisibility / Robert Eaglestone -- Home / Simon Malpas -- Time / Barry Langford -- Women / Jennifer Neville -- Masculinity / Holly A Crocker -- Homoeroticism / Esther Saxey -- Service / Scott Kleinman -- Games / Barry Atkins -- In the tradition... / Roz Kaveney.</subfield>
        </datafield>
        <datafield tag="600" ind1="1" ind2="0">
            <subfield code="a">Tolkien, J. R. R.</subfield>
            <subfield code="q">(John Ronald Reuel),</subfield>
            <subfield code="d">1892-1973.</subfield>
            <subfield code="t">Lord of the rings.</subfield>
        </datafield>
        <datafield tag="650" ind1=" " ind2="0">
            <subfield code="a">Fantasy fiction, English</subfield>
            <subfield code="x">History and criticism.</subfield>
        </datafield>
        <datafield tag="650" ind1=" " ind2="0">
            <subfield code="a">Middle Earth (Imaginary place)</subfield>
        </datafield>
        <datafield tag="700" ind1="1" ind2=" ">
            <subfield code="a">Eaglestone, Robert,</subfield>
            <subfield code="d">1968-</subfield>
        </datafield>
        <datafield tag="856" ind1="4" ind2="1">
            <subfield code="3">Table of contents</subfield>
            <subfield code="u">http://www.loc.gov/catdir/toc/ecip0515/2005018695.html</subfield>
        </datafield>
        <datafield tag="852" ind1="0" ind2=" ">
            <subfield code="a">UkOxU</subfield>
            <subfield code="b">EFLBL</subfield>
            <subfield code="h">PR6039.O32 L63713</subfield>
            <subfield code="i">REA 2006</subfield>
        </datafield>
    </record>