
    <record>
        <leader>02399ngm a2200421 a 4500</leader>
        <controlfield tag="001">016047704</controlfield>
        <controlfield tag="003">UkOxU</controlfield>
        <controlfield tag="005">20060504120348.0</controlfield>
        <controlfield tag="007">vd cvaizq</controlfield>
        <controlfield tag="008">040525p20042003enk192        s   vleng d</controlfield>
        <datafield tag="028" ind1="4" ind2="2">
            <subfield code="a">EDR4046</subfield>
            <subfield code="b">Entertainment In Video</subfield>
        </datafield>
        <datafield tag="245" ind1="0" ind2="4">
            <subfield code="a">The lord of the rings</subfield>
            <subfield code="h">[videorecording] :</subfield>
            <subfield code="b">the return of the king /</subfield>
            <subfield code="c">screenplay by Fran Walsh, Philippa Boyens, Peter Jackson ; based on the book by J.R.R. Tolkien ; produced by Barrie M. Osborne, Peter Jackson, Fran Walsh ; directed by Peter Jackson.</subfield>
        </datafield>
        <datafield tag="246" ind1="1" ind2=" ">
            <subfield code="a">Return of the king</subfield>
            <subfield code="h">[videorecording].</subfield>
        </datafield>
        <datafield tag="260" ind1=" " ind2=" ">
            <subfield code="a">[London?] :</subfield>
            <subfield code="b">Entertainment In Video,</subfield>
            <subfield code="c">2004.</subfield>
        </datafield>
        <datafield tag="300" ind1=" " ind2=" ">
            <subfield code="a">2 DVDs (192 min.)</subfield>
            <subfield code="b">sd., col. ;</subfield>
            <subfield code="c">4 3/4 in.</subfield>
        </datafield>
        <datafield tag="546" ind1=" " ind2=" ">
            <subfield code="a">Subtitles in English.</subfield>
        </datafield>
        <datafield tag="511" ind1="0" ind2=" ">
            <subfield code="a">Cast: Elijah Wood, Ian McKellen, Liv Tyler, Viggo Mortensen, Sean Astin, Cate Blanchett, John Rhys-Davies, Billy Boyd, Bernard Hill, Dominic Monaghan, Orlando Bloom, Hugo Weaving, Miranda Otto, David Wenham, Karl Urban, Andy Serkis, Ian Holm, Sean Bean.</subfield>
        </datafield>
        <datafield tag="508" ind1=" " ind2=" ">
            <subfield code="a">Credits: Director of photography, Andrew Lesnie ; production designer, Grant Major ; visual effects supervisor, Jim Rygiel ; music, Howard Shore.</subfield>
        </datafield>
        <datafield tag="500" ind1=" " ind2=" ">
            <subfield code="a">DVD video release of the film produced in 2003.</subfield>
        </datafield>
        <datafield tag="500" ind1=" " ind2=" ">
            <subfield code="a">Dolby Digital 5.1 and Dolby Surround. Widescreen.</subfield>
        </datafield>
        <datafield tag="538" ind1=" " ind2=" ">
            <subfield code="a">PAL Region 2.</subfield>
        </datafield>
        <datafield tag="521" ind1=" " ind2=" ">
            <subfield code="a">UK Cert. 12.</subfield>
        </datafield>
        <datafield tag="500" ind1=" " ind2=" ">
            <subfield code="a">Special features: IN-DEPTH PROGRAMMES: The Quest fulfilled-A director's vision, A filmmaker's journey-Making The Return of the King, National Geographic special-The Return of the King; FEATURETTES: Aragorn's destiny, Minas Tirith-Capital of Gondor, The battle of Pelennor Fields, Samwise the Brave, Eowyn-White Lady of Rohan, Digital horse doubles; Original theatrical trailers and TV spots; &quot;The Lord of the Rings&quot; trilogy supertrailer; A look at &quot;The Lord of the Rings&quot; series of video games.</subfield>
        </datafield>
        <datafield tag="700" ind1="1" ind2=" ">
            <subfield code="a">Jackson, Peter,</subfield>
            <subfield code="d">1961-</subfield>
        </datafield>
        <datafield tag="700" ind1="1" ind2=" ">
            <subfield code="a">Tolkien, J. R. R.</subfield>
            <subfield code="q">(John Ronald Reuel),</subfield>
            <subfield code="d">1892-1973.</subfield>
        </datafield>
        <datafield tag="700" ind1="1" ind2=" ">
            <subfield code="a">Walsh, Fran,</subfield>
            <subfield code="d">1959-</subfield>
        </datafield>
        <datafield tag="700" ind1="1" ind2=" ">
            <subfield code="a">Boyens, Philippa.</subfield>
        </datafield>
        <datafield tag="700" ind1="1" ind2=" ">
            <subfield code="a">Wood, Elijah,</subfield>
            <subfield code="d">1981-</subfield>
        </datafield>
        <datafield tag="700" ind1="1" ind2=" ">
            <subfield code="a">McKellen, Ian.</subfield>
        </datafield>
        <datafield tag="700" ind1="1" ind2=" ">
            <subfield code="a">Tyler, Liv.</subfield>
        </datafield>
        <datafield tag="700" ind1="1" ind2=" ">
            <subfield code="a">Mortensen, Viggo,</subfield>
            <subfield code="d">1958-</subfield>
        </datafield>
        <datafield tag="700" ind1="1" ind2=" ">
            <subfield code="a">Astin, Sean.</subfield>
        </datafield>
        <datafield tag="700" ind1="1" ind2=" ">
            <subfield code="a">Blanchett, Cate,</subfield>
            <subfield code="d">1969-</subfield>
        </datafield>
        <datafield tag="700" ind1="1" ind2=" ">
            <subfield code="a">Rhys-Davies, John.</subfield>
        </datafield>
        <datafield tag="700" ind1="1" ind2=" ">
            <subfield code="a">Hill, Bernard,</subfield>
            <subfield code="d">1944-</subfield>
        </datafield>
        <datafield tag="700" ind1="1" ind2=" ">
            <subfield code="a">Bloom, Orlando,</subfield>
            <subfield code="d">1977-</subfield>
        </datafield>
        <datafield tag="700" ind1="1" ind2=" ">
            <subfield code="a">Shore, Howard.</subfield>
        </datafield>
        <datafield tag="852" ind1="8" ind2=" ">
            <subfield code="a">UkOxU</subfield>
            <subfield code="b">OUSNU</subfield>
            <subfield code="c">OUSLR</subfield>
            <subfield code="h">DVD.LOR</subfield>
        </datafield>
    </record>