
    <record>
        <leader>01055cam a2200289 a 4500</leader>
        <controlfield tag="001">016232055</controlfield>
        <controlfield tag="003">UkOxU</controlfield>
        <controlfield tag="005">20090918140720.0</controlfield>
        <controlfield tag="008">061114s2006    ne abc        001 0 eng  </controlfield>
        <datafield tag="020" ind1=" " ind2=" ">
            <subfield code="a">9789042016828 (cased)</subfield>
        </datafield>
        <datafield tag="020" ind1=" " ind2=" ">
            <subfield code="a">9042016825 (cased)</subfield>
        </datafield>
        <datafield tag="035" ind1=" " ind2=" ">
            <subfield code="a">(UkLCURL)b200135586808</subfield>
        </datafield>
        <datafield tag="040" ind1=" " ind2=" ">
            <subfield code="a">OHX</subfield>
            <subfield code="c">OHX</subfield>
            <subfield code="d">Uk</subfield>
        </datafield>
        <datafield tag="049" ind1=" " ind2=" ">
            <subfield code="j">CU</subfield>
            <subfield code="k">720013558680</subfield>
            <subfield code="l">b</subfield>
        </datafield>
        <datafield tag="245" ind1="0" ind2="0">
            <subfield code="a">From hobbits to Hollywood :</subfield>
            <subfield code="b">essays on Peter Jackson's Lord of the Rings /</subfield>
            <subfield code="c">edited by Ernest Mathijs and Murray Pomerance.</subfield>
        </datafield>
        <datafield tag="260" ind1=" " ind2=" ">
            <subfield code="a">Amsterdam :</subfield>
            <subfield code="b">Rodopi,</subfield>
            <subfield code="c">c2006.</subfield>
        </datafield>
        <datafield tag="300" ind1=" " ind2=" ">
            <subfield code="a">xviii, 403 p :</subfield>
            <subfield code="b">ill. maps, ports ;</subfield>
            <subfield code="c">23 cm.</subfield>
        </datafield>
        <datafield tag="490" ind1="1" ind2=" ">
            <subfield code="a">Contemporary cinema,</subfield>
            <subfield code="x">1572-3070 ;</subfield>
            <subfield code="v">3</subfield>
        </datafield>
        <datafield tag="504" ind1=" " ind2=" ">
            <subfield code="a">Includes bibliographical references.</subfield>
        </datafield>
        <datafield tag="600" ind1="1" ind2="0">
            <subfield code="a">Jackson, Peter,</subfield>
            <subfield code="d">1961-</subfield>
        </datafield>
        <datafield tag="650" ind1=" " ind2="0">
            <subfield code="a">Lord of the Rings films</subfield>
            <subfield code="x">History and criticism.</subfield>
        </datafield>
        <datafield tag="700" ind1="1" ind2=" ">
            <subfield code="a">Mathijs, Ernest.</subfield>
        </datafield>
        <datafield tag="700" ind1="1" ind2=" ">
            <subfield code="a">Pomerance, Murray,</subfield>
            <subfield code="d">1946-</subfield>
        </datafield>
        <datafield tag="830" ind1=" " ind2="0">
            <subfield code="a">Contemporary cinema,</subfield>
            <subfield code="x">1572-3070 ;</subfield>
            <subfield code="v">3</subfield>
        </datafield>
        <datafield tag="852" ind1="8" ind2=" ">
            <subfield code="a">UkOxU</subfield>
            <subfield code="b">SPCCL</subfield>
            <subfield code="c">SPCML</subfield>
            <subfield code="h">WTT 9UV 6EJ P24 JAC WLO [mat]</subfield>
        </datafield>
        <datafield tag="852" ind1="8" ind2=" ">
            <subfield code="a">UkOxU</subfield>
            <subfield code="b">HUGCL</subfield>
            <subfield code="h">791.437 HOB</subfield>
        </datafield>
        <datafield tag="852" ind1="8" ind2=" ">
            <subfield code="a">UkOxU</subfield>
            <subfield code="b">BODBL</subfield>
            <subfield code="h">M09.E10130</subfield>
        </datafield>
    </record>