
    <record>
        <leader>02414pam a2200265 a 4500</leader>
        <controlfield tag="001">016232602</controlfield>
        <controlfield tag="003">UkOxU</controlfield>
        <controlfield tag="005">20070301145535.0</controlfield>
        <controlfield tag="008">050511s2004    cau           001 0 eng  </controlfield>
        <datafield tag="010" ind1=" " ind2=" ">
            <subfield code="a">2004022039</subfield>
        </datafield>
        <datafield tag="020" ind1=" " ind2=" ">
            <subfield code="a">1887726098 (alk. paper)</subfield>
        </datafield>
        <datafield tag="035" ind1=" " ind2=" ">
            <subfield code="a">(UkLCURL)l82004022039</subfield>
        </datafield>
        <datafield tag="040" ind1=" " ind2=" ">
            <subfield code="a">DLC</subfield>
            <subfield code="c">DLC</subfield>
            <subfield code="d">DLC</subfield>
        </datafield>
        <datafield tag="049" ind1=" " ind2=" ">
            <subfield code="j">CU</subfield>
            <subfield code="k">982004022039</subfield>
            <subfield code="l">l</subfield>
            <subfield code="m">+</subfield>
        </datafield>
        <datafield tag="050" ind1=" " ind2="4">
            <subfield code="a">PN1995.9.L58 T66 2004</subfield>
        </datafield>
        <datafield tag="245" ind1="0" ind2="0">
            <subfield code="a">Tolkien on film :</subfield>
            <subfield code="b">essays on Peter Jackson's The lord of the rings /</subfield>
            <subfield code="c">edited by Janet Brennan Croft.</subfield>
        </datafield>
        <datafield tag="260" ind1=" " ind2=" ">
            <subfield code="a">Altadena, Calif. :</subfield>
            <subfield code="b">Mythopoeic Press,</subfield>
            <subfield code="c">c2004.</subfield>
        </datafield>
        <datafield tag="300" ind1=" " ind2=" ">
            <subfield code="a">ix, 323 p ;</subfield>
            <subfield code="c">23 cm.</subfield>
        </datafield>
        <datafield tag="504" ind1=" " ind2=" ">
            <subfield code="a">Includes bibliographical references and index.</subfield>
        </datafield>
        <datafield tag="505" ind1="0" ind2=" ">
            <subfield code="a">Contents: The three ages of imperial cinema from the death of Gordon to The return of the king / J.E. Smyth -- Summa Jacksonica : a reply to defenses of Peter Jackson's The lord of the rings films, after St. Thomas Aquinas / David Bratman -- Mithril coats and tin ears : &quot;anticipation&quot; and &quot;flattening&quot; in Peter Jackson's The lord of the rings trilogy / Janet Brennan Croft -- Re-vision : The lord of the rings in print and on screen / Diana Paxson -- The art of the story-teller and the person of the hero / Kayla McKinney Wiggins -- Frodo on film : Peter Jackson's problematic portrayal / Daniel Timmons -- Elisions and ellipses : counsel and council in Tolkien's and Jackson's The lord of the rings / Judith Kollman -- Tolkien's women (and men) : the films and the book / Jane Chance -- Fairy princess or tragic heroine? : the metamorphosis of Arwen Undómiel in Peter Jackson's The lord of the rings films / Cathy Akers-Jordan -- &quot;Crimes against the book&quot;? : the transformation of Tolkien's Arwen from page to screen and the abandonment of the psyche archetype / Victoria Gaydosick -- The &quot;sub-subcreation&quot; of Galadriel, Arwen, and Éowyn : women of power in Tolkien's and Jackson's The lord of the rings / Maureen Thum -- Tales around the internet campfire : fan fiction in Tolkien's universe / Susan Booker -- Make mine &quot;movieverse&quot; : how the Tolkien fan fiction community learned to stop worrying and love Peter Jackson / Amy H. Sturgis -- The lord of the rings : a source-critical analysis / Mark Shea</subfield>
        </datafield>
        <datafield tag="600" ind1="1" ind2="0">
            <subfield code="a">Jackson, Peter,</subfield>
            <subfield code="d">1961-</subfield>
        </datafield>
        <datafield tag="650" ind1=" " ind2="0">
            <subfield code="a">Lord of the Rings films</subfield>
            <subfield code="x">History and criticism.</subfield>
        </datafield>
        <datafield tag="700" ind1="1" ind2=" ">
            <subfield code="a">Croft, Janet Brennan.</subfield>
        </datafield>
        <datafield tag="852" ind1="8" ind2=" ">
            <subfield code="a">UkOxU</subfield>
            <subfield code="b">HUGCL</subfield>
            <subfield code="h">791.437 TOL</subfield>
        </datafield>
        <datafield tag="852" ind1="8" ind2=" ">
            <subfield code="a">UkOxU</subfield>
            <subfield code="b">SPCCL</subfield>
            <subfield code="c">SPCML</subfield>
            <subfield code="h">WTT 9UV 6EJ P24 JAC WLO [cro]</subfield>
        </datafield>
    </record>