
    <record>
        <leader>01197nam a2200289 a 4500</leader>
        <controlfield tag="001">016252273</controlfield>
        <controlfield tag="003">UkOxU</controlfield>
        <controlfield tag="005">20130319111210.0</controlfield>
        <controlfield tag="008">060113s2005    gw       b    000 0 ger d</controlfield>
        <datafield tag="016" ind1="7" ind2=" ">
            <subfield code="a">975052705</subfield>
            <subfield code="2">GyFmDB</subfield>
        </datafield>
        <datafield tag="020" ind1=" " ind2=" ">
            <subfield code="a">3884767488 (pbk.)</subfield>
        </datafield>
        <datafield tag="035" ind1=" " ind2=" ">
            <subfield code="a">(GyWOH)har050070423</subfield>
        </datafield>
        <datafield tag="035" ind1=" " ind2=" ">
            <subfield code="a">(CStRLIN)XHAR050070423-B</subfield>
        </datafield>
        <datafield tag="040" ind1=" " ind2=" ">
            <subfield code="a">GyWOH</subfield>
            <subfield code="b">eng</subfield>
            <subfield code="c">GyWOH</subfield>
            <subfield code="d">UkOxU</subfield>
        </datafield>
        <datafield tag="072" ind1=" " ind2="7">
            <subfield code="a">PR</subfield>
            <subfield code="2">lcco</subfield>
        </datafield>
        <datafield tag="100" ind1="1" ind2=" ">
            <subfield code="a">Bergh, Alexander van de</subfield>
        </datafield>
        <datafield tag="245" ind1="1" ind2="0">
            <subfield code="a">Mittelerde und das 21. Jahrhundert :</subfield>
            <subfield code="b">Zivilisationskritik und alternative Gesellschaftsentwürfe in J.R.R. Tolkiens The Lord of the Rings /</subfield>
            <subfield code="c">Alexander van de Bergh.</subfield>
        </datafield>
        <datafield tag="246" ind1="3" ind2=" ">
            <subfield code="a">Mittelerde und das einundzwanzigste Jahrhundert</subfield>
        </datafield>
        <datafield tag="260" ind1=" " ind2=" ">
            <subfield code="a">Trier :</subfield>
            <subfield code="b">WVT, Wissenschaftlicher Verlag Trier,</subfield>
            <subfield code="c">2005.</subfield>
        </datafield>
        <datafield tag="300" ind1=" " ind2=" ">
            <subfield code="a">129 p. ;</subfield>
            <subfield code="c">21 cm.</subfield>
        </datafield>
        <datafield tag="490" ind1="1" ind2=" ">
            <subfield code="a">Studien zur anglistischen Literatur- und Sprachwissenschaft ;</subfield>
            <subfield code="v">Bd. 23.</subfield>
        </datafield>
        <datafield tag="504" ind1=" " ind2=" ">
            <subfield code="a">Bibliography: p. [124]-129.</subfield>
        </datafield>
        <datafield tag="600" ind1="1" ind2="0">
            <subfield code="a">Tolkien, J. R. R.</subfield>
            <subfield code="q">(John Ronald Reuel),</subfield>
            <subfield code="d">1892-1973.</subfield>
            <subfield code="t">Lord of the rings.</subfield>
        </datafield>
        <datafield tag="650" ind1=" " ind2="0">
            <subfield code="a">Social problems in literature.</subfield>
        </datafield>
        <datafield tag="650" ind1=" " ind2="0">
            <subfield code="a">Fantasy literature, English</subfield>
            <subfield code="x">History and criticism.</subfield>
        </datafield>
        <datafield tag="830" ind1=" " ind2="0">
            <subfield code="a">Studien zur anglistischen Literatur- und Sprachwissenschaft ;</subfield>
            <subfield code="v">Bd. 23.</subfield>
        </datafield>
        <datafield tag="852" ind1="8" ind2=" ">
            <subfield code="a">UkOxU</subfield>
            <subfield code="b">BODBL</subfield>
        </datafield>
    </record>