
    <record>
        <leader>01717nam a22003011a 4500</leader>
        <controlfield tag="001">016500173</controlfield>
        <controlfield tag="003">UkOxU</controlfield>
        <controlfield tag="005">20200605181551.0</controlfield>
        <controlfield tag="006">m    go  d        </controlfield>
        <controlfield tag="007">cr bn |||a|bb|</controlfield>
        <controlfield tag="008">961016s1700    enk     s     00| | eng d</controlfield>
        <datafield tag="035" ind1=" " ind2=" ">
            <subfield code="a">(UnM)99895413</subfield>
        </datafield>
        <datafield tag="037" ind1=" " ind2=" ">
            <subfield code="a">CL0037000095</subfield>
            <subfield code="b">ProQuest Information and Learning. 300 N. Zeeb Rd., Ann Arbor, MI 48106</subfield>
        </datafield>
        <datafield tag="040" ind1=" " ind2=" ">
            <subfield code="a">Cu-RivES</subfield>
            <subfield code="e">dcrb</subfield>
            <subfield code="c">Cu-RivES</subfield>
            <subfield code="d">WaOLN</subfield>
        </datafield>
        <datafield tag="100" ind1="1" ind2=" ">
            <subfield code="a">Stafford, Richard,</subfield>
            <subfield code="d">1663-1703.</subfield>
        </datafield>
        <datafield tag="245" ind1="1" ind2="4">
            <subfield code="a">The great, useful and blessed duty of a contentment, willingness and desire to die</subfield>
            <subfield code="h">[electronic resource] :</subfield>
            <subfield code="b">set forth upon true and assured grounds, in several discourses on these following scriptures. By Richard Stafford, A servant of God and of the Lord Jesus Christ. Recommended as more proper and beneficial to be given at funerals than gloves or rings.</subfield>
        </datafield>
        <datafield tag="260" ind1=" " ind2=" ">
            <subfield code="a">London :</subfield>
            <subfield code="b">printed and are to be sold by the book-sellers of London and Westminster,</subfield>
            <subfield code="c">1700.</subfield>
        </datafield>
        <datafield tag="300" ind1=" " ind2=" ">
            <subfield code="a">[2], 64 p.</subfield>
        </datafield>
        <datafield tag="500" ind1=" " ind2=" ">
            <subfield code="a">Signed on p. 29: Richard Stafford.</subfield>
        </datafield>
        <datafield tag="500" ind1=" " ind2=" ">
            <subfield code="a">Reproduction of original in the Magdalene College Library.</subfield>
        </datafield>
        <datafield tag="510" ind1="4" ind2=" ">
            <subfield code="a">Wing (CD-ROM, 1996)</subfield>
            <subfield code="c">S5119A</subfield>
        </datafield>
        <datafield tag="533" ind1=" " ind2=" ">
            <subfield code="a">Electronic reproduction.</subfield>
            <subfield code="b">Ann Arbor, Mich. :</subfield>
            <subfield code="c">UMI,</subfield>
            <subfield code="d">1999-</subfield>
            <subfield code="f">(Early English books online)</subfield>
            <subfield code="n">Online access provided by ProQuest.</subfield>
            <subfield code="n">Digital version of: (Early English books, 1641-1700 ; 2339:10)</subfield>
            <subfield code="7">s1999 miun s</subfield>
        </datafield>
        <datafield tag="650" ind1=" " ind2="0">
            <subfield code="a">Mourning customs</subfield>
            <subfield code="v">Early works to 1800.</subfield>
        </datafield>
        <datafield tag="650" ind1=" " ind2="0">
            <subfield code="a">Mourning etiquette</subfield>
            <subfield code="v">Early works to 1800.</subfield>
        </datafield>
        <datafield tag="650" ind1=" " ind2="0">
            <subfield code="a">Mourning jewelry</subfield>
            <subfield code="v">Controversial literature</subfield>
            <subfield code="v">Early works to 1800.</subfield>
        </datafield>
        <datafield tag="650" ind1=" " ind2="0">
            <subfield code="a">Pride and vanity</subfield>
            <subfield code="v">Early works to 1800.</subfield>
        </datafield>
        <datafield tag="830" ind1=" " ind2="0">
            <subfield code="a">Early English books online.</subfield>
        </datafield>
        <datafield tag="856" ind1="4" ind2="0">
            <subfield code="3">Early English books online</subfield>
            <subfield code="u">https://search.proquest.com/docview/2264177784</subfield>
            <subfield code="7">1</subfield>
        </datafield>
    </record>