
    <record>
        <leader>00877cam a2200241 a 4500</leader>
        <controlfield tag="001">016714856</controlfield>
        <controlfield tag="003">UkOxU</controlfield>
        <controlfield tag="005">20090121122311.0</controlfield>
        <controlfield tag="008">071208s2006    enkac    bq   000 0 eng d</controlfield>
        <datafield tag="020" ind1=" " ind2=" ">
            <subfield code="a">9781903663660 (pbk.)</subfield>
        </datafield>
        <datafield tag="020" ind1=" " ind2=" ">
            <subfield code="a">1903663660 (pbk.)</subfield>
        </datafield>
        <datafield tag="035" ind1=" " ind2=" ">
            <subfield code="a">(OCoLC)183267905</subfield>
        </datafield>
        <datafield tag="035" ind1=" " ind2=" ">
            <subfield code="a">(OCoLC)ocn183267905</subfield>
        </datafield>
        <datafield tag="040" ind1=" " ind2=" ">
            <subfield code="a">BTCTA</subfield>
            <subfield code="c">BTCTA</subfield>
            <subfield code="d">BAKER</subfield>
            <subfield code="d">DWP</subfield>
        </datafield>
        <datafield tag="100" ind1="1" ind2=" ">
            <subfield code="a">Dawson, Anna.</subfield>
        </datafield>
        <datafield tag="245" ind1="1" ind2="0">
            <subfield code="a">Studying The lord of the rings /</subfield>
            <subfield code="c">Anna Dawson.</subfield>
        </datafield>
        <datafield tag="260" ind1=" " ind2=" ">
            <subfield code="a">Leighton Buzzard :</subfield>
            <subfield code="b">Auteur Publishing,</subfield>
            <subfield code="c">2006.</subfield>
        </datafield>
        <datafield tag="300" ind1=" " ind2=" ">
            <subfield code="a">iv, 82 p. :</subfield>
            <subfield code="b">ill., ports. ;</subfield>
            <subfield code="c">30 cm.</subfield>
        </datafield>
        <datafield tag="504" ind1=" " ind2=" ">
            <subfield code="a">Includes bibliographical and filmographical references (p. 82)</subfield>
        </datafield>
        <datafield tag="630" ind1="0" ind2="0">
            <subfield code="a">Lord of the rings, the fellowship of the ring (Motion picture)</subfield>
        </datafield>
        <datafield tag="630" ind1="0" ind2="0">
            <subfield code="a">Lord of the rings, the two towers (Motion picture)</subfield>
        </datafield>
        <datafield tag="630" ind1="0" ind2="0">
            <subfield code="a">Lord of the rings, the return of the king (Motion picture)</subfield>
        </datafield>
        <datafield tag="852" ind1="8" ind2=" ">
            <subfield code="a">UkOxU</subfield>
            <subfield code="b">BODBL</subfield>
            <subfield code="h">M09.C00373</subfield>
        </datafield>
    </record>