
    <record>
        <leader>01060pam a2200277 a 4500</leader>
        <controlfield tag="001">016732651</controlfield>
        <controlfield tag="003">UkOxU</controlfield>
        <controlfield tag="005">20080813122747.0</controlfield>
        <controlfield tag="008">040407r20031968enk           001 1 eng d</controlfield>
        <datafield tag="015" ind1=" " ind2=" ">
            <subfield code="a">GB A4-13335</subfield>
        </datafield>
        <datafield tag="020" ind1=" " ind2=" ">
            <subfield code="a">0007172001</subfield>
        </datafield>
        <datafield tag="035" ind1=" " ind2=" ">
            <subfield code="a">BNB2787.679</subfield>
        </datafield>
        <datafield tag="040" ind1=" " ind2=" ">
            <subfield code="a">CA/U-1</subfield>
        </datafield>
        <datafield tag="082" ind1="0" ind2=" ">
            <subfield code="a">823.912</subfield>
            <subfield code="2">21</subfield>
        </datafield>
        <datafield tag="100" ind1="1" ind2=" ">
            <subfield code="a">Tolkien, J. R. R.</subfield>
            <subfield code="q">(John Ronald Reuel),</subfield>
            <subfield code="d">1892-1973.</subfield>
        </datafield>
        <datafield tag="245" ind1="1" ind2="4">
            <subfield code="a">The lord of the rings /</subfield>
            <subfield code="c">by J.R.R. Tolkien.</subfield>
        </datafield>
        <datafield tag="260" ind1=" " ind2=" ">
            <subfield code="a">London :</subfield>
            <subfield code="b">HarperCollins,</subfield>
            <subfield code="c">2003.</subfield>
        </datafield>
        <datafield tag="300" ind1=" " ind2=" ">
            <subfield code="a">xviii, 1137 p :</subfield>
            <subfield code="b">maps ;</subfield>
            <subfield code="c">20 cm</subfield>
        </datafield>
        <datafield tag="500" ind1=" " ind2=" ">
            <subfield code="a">Film tie-in ed.</subfield>
        </datafield>
        <datafield tag="500" ind1=" " ind2=" ">
            <subfield code="a">Originally published in one vol.: 1968.</subfield>
        </datafield>
        <datafield tag="505" ind1="0" ind2=" ">
            <subfield code="a">The fellowship of the ring. Originally published: London : Allen &amp; Unwin, 1954 -- The two towers. Originally published: London : Allen &amp; Unwin, 1954 -- The return of the king. Originally published : London: Allen &amp; Unwin, 1955.</subfield>
        </datafield>
        <datafield tag="650" ind1=" " ind2="0">
            <subfield code="a">Middle Earth (Imaginary place)</subfield>
            <subfield code="v">Fiction.</subfield>
        </datafield>
        <datafield tag="740" ind1="0" ind2="2">
            <subfield code="a">Fellowship of the ring.</subfield>
        </datafield>
        <datafield tag="740" ind1="0" ind2="2">
            <subfield code="a">Two towers.</subfield>
        </datafield>
        <datafield tag="740" ind1="0" ind2="2">
            <subfield code="a">Return of the king.</subfield>
        </datafield>
        <datafield tag="852" ind1="8" ind2=" ">
            <subfield code="a">UkOxU</subfield>
            <subfield code="b">BODBL</subfield>
            <subfield code="h">X08.G04387</subfield>
            <subfield code="m">(Box B000000789074)</subfield>
        </datafield>
    </record>