
    <record>
        <leader>01559nam a2200313 a 4500</leader>
        <controlfield tag="001">016761936</controlfield>
        <controlfield tag="003">UkOxU</controlfield>
        <controlfield tag="005">20090518152413.0</controlfield>
        <controlfield tag="008">080926s2008    gw a     b    000 0 ger d</controlfield>
        <datafield tag="016" ind1="7" ind2=" ">
            <subfield code="a">989770923</subfield>
            <subfield code="2">GyFmDB</subfield>
        </datafield>
        <datafield tag="020" ind1=" " ind2=" ">
            <subfield code="a">9783868210330 (pbk.)</subfield>
        </datafield>
        <datafield tag="035" ind1=" " ind2=" ">
            <subfield code="a">(GyWOH)har080122672</subfield>
        </datafield>
        <datafield tag="040" ind1=" " ind2=" ">
            <subfield code="a">GyWOH</subfield>
            <subfield code="b">eng</subfield>
            <subfield code="c">GyWOH</subfield>
        </datafield>
        <datafield tag="072" ind1=" " ind2="7">
            <subfield code="a">PR</subfield>
            <subfield code="2">lcco</subfield>
        </datafield>
        <datafield tag="100" ind1="1" ind2=" ">
            <subfield code="a">Kölzer, Christian.</subfield>
        </datafield>
        <datafield tag="245" ind1="1" ind2="0">
            <subfield code="a">&quot;Fairy tales are more than true&quot; :</subfield>
            <subfield code="b">das mythische und neomythische Weltdeutungspotential der Fantasy am Beispiel von J.R.R. Tolkiens The Lord of the rings und Philip Pullmans His dark materials /</subfield>
            <subfield code="c">Christian Kölzer.</subfield>
        </datafield>
        <datafield tag="246" ind1="3" ind2="0">
            <subfield code="a">Mythische und neomythische Weltdeutungspotential der Fantasy am Beispiel von J.R.R. Tolkiens The lord of the rings und Philip Pullmans His dark materials</subfield>
        </datafield>
        <datafield tag="260" ind1=" " ind2=" ">
            <subfield code="a">Trier :</subfield>
            <subfield code="b">WVT Wissenschaftlicher Verlag Trier,</subfield>
            <subfield code="c">c2008.</subfield>
        </datafield>
        <datafield tag="300" ind1=" " ind2=" ">
            <subfield code="a">364 p. :</subfield>
            <subfield code="b">ill. ;</subfield>
            <subfield code="c">21 cm.</subfield>
        </datafield>
        <datafield tag="490" ind1="1" ind2=" ">
            <subfield code="a">SALS, Studien zur anglistischen Literatur- und Sprachwissenschaft ;</subfield>
            <subfield code="v">Bd. 32</subfield>
        </datafield>
        <datafield tag="500" ind1=" " ind2=" ">
            <subfield code="a">Originally presented as the author's thesis (doctoral), Universität Giessen, 2008.</subfield>
        </datafield>
        <datafield tag="504" ind1=" " ind2=" ">
            <subfield code="a">Includes bibliographical references (p. 356-364).</subfield>
        </datafield>
        <datafield tag="600" ind1="1" ind2="0">
            <subfield code="a">Tolkien, J. R. R.</subfield>
            <subfield code="q">(John Ronald Reuel),</subfield>
            <subfield code="d">1892-1973.</subfield>
            <subfield code="t">Lord of the rings.</subfield>
        </datafield>
        <datafield tag="600" ind1="1" ind2="0">
            <subfield code="a">Pullman, Philip,</subfield>
            <subfield code="d">1946-</subfield>
            <subfield code="t">His dark materials.</subfield>
        </datafield>
        <datafield tag="650" ind1=" " ind2="0">
            <subfield code="a">Fantasy fiction, English</subfield>
            <subfield code="y">20th century</subfield>
            <subfield code="x">History and criticism.</subfield>
        </datafield>
        <datafield tag="650" ind1=" " ind2="0">
            <subfield code="a">Mythology in literature.</subfield>
        </datafield>
        <datafield tag="650" ind1=" " ind2="0">
            <subfield code="a">Cosmology in literature.</subfield>
        </datafield>
        <datafield tag="830" ind1=" " ind2="0">
            <subfield code="a">Studien zur anglistischen Literatur- und Sprachwissenschaft ;</subfield>
            <subfield code="v">Bd. 32.</subfield>
        </datafield>
        <datafield tag="852" ind1="8" ind2=" ">
            <subfield code="a">UkOxU</subfield>
            <subfield code="b">BODBL</subfield>
            <subfield code="h">M09.F05069</subfield>
        </datafield>
    </record>