
    <record>
        <leader>00821cam a2200229 a 4500</leader>
        <controlfield tag="001">016763768</controlfield>
        <controlfield tag="003">UkOxU</controlfield>
        <controlfield tag="005">20081006095239.0</controlfield>
        <controlfield tag="008">081006s2004    enkab         001 0 eng  </controlfield>
        <datafield tag="020" ind1=" " ind2=" ">
            <subfield code="a">0007199686 (pbk.)</subfield>
        </datafield>
        <datafield tag="100" ind1="1" ind2=" ">
            <subfield code="a">Brodie, Ian,</subfield>
            <subfield code="d">1957-</subfield>
        </datafield>
        <datafield tag="245" ind1="1" ind2="4">
            <subfield code="a">The Lord of the Rings :</subfield>
            <subfield code="b">location guidebook /</subfield>
            <subfield code="c">Ian Brodie.</subfield>
        </datafield>
        <datafield tag="250" ind1=" " ind2=" ">
            <subfield code="a">Extended ed.</subfield>
        </datafield>
        <datafield tag="260" ind1=" " ind2=" ">
            <subfield code="a">London :</subfield>
            <subfield code="b">HarperCollins,</subfield>
            <subfield code="c">2004.</subfield>
        </datafield>
        <datafield tag="300" ind1=" " ind2=" ">
            <subfield code="a">176 p. :</subfield>
            <subfield code="b">ill., maps. ;</subfield>
            <subfield code="c">23 cm.</subfield>
        </datafield>
        <datafield tag="500" ind1=" " ind2=" ">
            <subfield code="a">Prev. ed.: 2003.</subfield>
        </datafield>
        <datafield tag="500" ind1=" " ind2=" ">
            <subfield code="a">Includes index.</subfield>
        </datafield>
        <datafield tag="630" ind1="0" ind2="0">
            <subfield code="a">Lord of the rings, the return of the king (Motion picture)</subfield>
        </datafield>
        <datafield tag="630" ind1="0" ind2="0">
            <subfield code="a">Lord of the rings, the fellowship of the ring (Motion picture)</subfield>
        </datafield>
        <datafield tag="630" ind1="0" ind2="0">
            <subfield code="a">Lord of the rings, the two towers (Motion picture)</subfield>
        </datafield>
        <datafield tag="650" ind1=" " ind2="0">
            <subfield code="a">Motion picture locations</subfield>
            <subfield code="z">New Zealand.</subfield>
        </datafield>
        <datafield tag="852" ind1="8" ind2=" ">
            <subfield code="a">UkOxU</subfield>
            <subfield code="b">BODBL</subfield>
            <subfield code="h">X08.F04619</subfield>
            <subfield code="m">(Box B000000789174)</subfield>
        </datafield>
    </record>