
    <record>
        <leader>01235pam a2200337 a 4500</leader>
        <controlfield tag="001">016849662</controlfield>
        <controlfield tag="003">UkOxU</controlfield>
        <controlfield tag="005">20100707141350.0</controlfield>
        <controlfield tag="008">030814s2003    enkac         000 0 eng  </controlfield>
        <datafield tag="015" ind1=" " ind2=" ">
            <subfield code="a">GBA3U9378</subfield>
            <subfield code="2">bnb</subfield>
        </datafield>
        <datafield tag="019" ind1=" " ind2=" ">
            <subfield code="a">bA3U9378</subfield>
        </datafield>
        <datafield tag="019" ind1="9" ind2=" ">
            <subfield code="a">1843532751</subfield>
        </datafield>
        <datafield tag="020" ind1=" " ind2=" ">
            <subfield code="a">1843532751 (pbk.)</subfield>
        </datafield>
        <datafield tag="035" ind1=" " ind2=" ">
            <subfield code="a">(Uk)006946496</subfield>
        </datafield>
        <datafield tag="040" ind1=" " ind2=" ">
            <subfield code="a">StDuBDS</subfield>
            <subfield code="d">Uk</subfield>
        </datafield>
        <datafield tag="042" ind1=" " ind2=" ">
            <subfield code="a">ukblsr</subfield>
        </datafield>
        <datafield tag="082" ind1="0" ind2="4">
            <subfield code="a">823.912</subfield>
            <subfield code="2">22</subfield>
        </datafield>
        <datafield tag="245" ind1="0" ind2="4">
            <subfield code="a">The rough guide to the lord of the rings /</subfield>
            <subfield code="c">[text editors, Paul Simpson, Helen Rodiss, Michaela Bushell ; writer, Angie Errigo ; contributors, Richard Pendleton ... [et al.]].</subfield>
        </datafield>
        <datafield tag="260" ind1=" " ind2=" ">
            <subfield code="a">London :</subfield>
            <subfield code="b">Rough Guides,</subfield>
            <subfield code="c">2003.</subfield>
        </datafield>
        <datafield tag="300" ind1=" " ind2=" ">
            <subfield code="a">304 p. :</subfield>
            <subfield code="b">ill., ports. ;</subfield>
            <subfield code="c">17 cm.</subfield>
        </datafield>
        <datafield tag="490" ind1="1" ind2=" ">
            <subfield code="a">Rough guide</subfield>
        </datafield>
        <datafield tag="600" ind1="1" ind2="0">
            <subfield code="a">Tolkien, J. R. R.</subfield>
            <subfield code="q">(John Ronald Reuel),</subfield>
            <subfield code="d">1892-1973.</subfield>
            <subfield code="t">Lord of the rings.</subfield>
        </datafield>
        <datafield tag="600" ind1="1" ind2="0">
            <subfield code="a">Tolkien, J. R. R.</subfield>
            <subfield code="q">(John Ronald Reuel),</subfield>
            <subfield code="d">1892-1973</subfield>
            <subfield code="x">Film adaptations.</subfield>
        </datafield>
        <datafield tag="600" ind1="1" ind2="0">
            <subfield code="a">Tolkien, J. R. R.</subfield>
            <subfield code="q">(John Ronald Reuel),</subfield>
            <subfield code="d">1892-1973</subfield>
            <subfield code="x">Television adaptations.</subfield>
        </datafield>
        <datafield tag="700" ind1="1" ind2=" ">
            <subfield code="a">Simpson, Paul,</subfield>
            <subfield code="d">1961-</subfield>
        </datafield>
        <datafield tag="700" ind1="1" ind2=" ">
            <subfield code="a">Rodiss, Helen.</subfield>
        </datafield>
        <datafield tag="700" ind1="1" ind2=" ">
            <subfield code="a">Bushell, Michaela.</subfield>
        </datafield>
        <datafield tag="700" ind1="1" ind2=" ">
            <subfield code="a">Errigo, Angie.</subfield>
        </datafield>
        <datafield tag="700" ind1="1" ind2=" ">
            <subfield code="a">Pendleton, Richard.</subfield>
        </datafield>
        <datafield tag="830" ind1=" " ind2="0">
            <subfield code="a">Rough Guides reference guides</subfield>
        </datafield>
        <datafield tag="852" ind1="8" ind2=" ">
            <subfield code="a">UkOxU</subfield>
            <subfield code="b">BODBL</subfield>
            <subfield code="h">X08.H03350</subfield>
            <subfield code="m">(Box B000001009609)</subfield>
        </datafield>
    </record>