
    <record>
        <leader>00763nam a2200217 a 4500</leader>
        <controlfield tag="001">016950881</controlfield>
        <controlfield tag="003">UkOxU</controlfield>
        <controlfield tag="005">20090313103016.0</controlfield>
        <controlfield tag="008">090313s2007    enka          000 0 eng c</controlfield>
        <datafield tag="020" ind1=" " ind2=" ">
            <subfield code="a">9781841548678 (pbk.)</subfield>
        </datafield>
        <datafield tag="040" ind1=" " ind2=" ">
            <subfield code="a">UkOxU</subfield>
            <subfield code="b">eng</subfield>
            <subfield code="c">UkOxU</subfield>
        </datafield>
        <datafield tag="042" ind1=" " ind2=" ">
            <subfield code="a">ukscp</subfield>
        </datafield>
        <datafield tag="100" ind1="1" ind2=" ">
            <subfield code="a">Troke, Adam.</subfield>
        </datafield>
        <datafield tag="245" ind1="1" ind2="0">
            <subfield code="a">Mordor :</subfield>
            <subfield code="b">a sourcebook for the Lord of the rings strategy battle game /</subfield>
            <subfield code="c">[written by Adam Troke].</subfield>
        </datafield>
        <datafield tag="246" ind1="1" ind2="4">
            <subfield code="a">Lord of the rings strategy battle game, Mordor</subfield>
        </datafield>
        <datafield tag="260" ind1=" " ind2=" ">
            <subfield code="a">Lenton, Nottingham :</subfield>
            <subfield code="b">Games Workshop,</subfield>
            <subfield code="c">c2007.</subfield>
        </datafield>
        <datafield tag="300" ind1=" " ind2=" ">
            <subfield code="a">72 p. :</subfield>
            <subfield code="b">col. ill. ;</subfield>
            <subfield code="c">28 cm.</subfield>
        </datafield>
        <datafield tag="600" ind1="1" ind2="0">
            <subfield code="a">Tolkien, J. R. R.</subfield>
            <subfield code="q">(John Ronald Reuel),</subfield>
            <subfield code="d">1892-1973.</subfield>
            <subfield code="t">Lord of the rings.</subfield>
        </datafield>
        <datafield tag="650" ind1=" " ind2="0">
            <subfield code="a">War games.</subfield>
        </datafield>
        <datafield tag="710" ind1="2" ind2=" ">
            <subfield code="a">Games Workshop.</subfield>
        </datafield>
        <datafield tag="852" ind1="8" ind2=" ">
            <subfield code="a">UkOxU</subfield>
            <subfield code="b">BODBL</subfield>
            <subfield code="h">X09.D00682</subfield>
            <subfield code="m">(Box B000000789366)</subfield>
        </datafield>
    </record>