
    <record>
        <leader>01216cam a2200349 a 4500</leader>
        <controlfield tag="001">016994898</controlfield>
        <controlfield tag="003">UkOxU</controlfield>
        <controlfield tag="005">20130514111755.0</controlfield>
        <controlfield tag="008">050613s2003    enka          000 0 eng c</controlfield>
        <datafield tag="015" ind1=" " ind2=" ">
            <subfield code="a">GBA553415</subfield>
            <subfield code="2">bnb</subfield>
        </datafield>
        <datafield tag="020" ind1=" " ind2=" ">
            <subfield code="a">1841544140</subfield>
        </datafield>
        <datafield tag="035" ind1=" " ind2=" ">
            <subfield code="a">(UkCU)4090906</subfield>
        </datafield>
        <datafield tag="035" ind1=" " ind2=" ">
            <subfield code="a">(Uk)013237573</subfield>
        </datafield>
        <datafield tag="040" ind1=" " ind2=" ">
            <subfield code="a">UkCU</subfield>
            <subfield code="d">UkOxU</subfield>
        </datafield>
        <datafield tag="042" ind1=" " ind2=" ">
            <subfield code="a">ukscp</subfield>
        </datafield>
        <datafield tag="100" ind1="1" ind2=" ">
            <subfield code="a">Priestley, Rick.</subfield>
        </datafield>
        <datafield tag="245" ind1="1" ind2="4">
            <subfield code="a">The Lord of the rings, the two towers :</subfield>
            <subfield code="b">the best of White dwarf magazine.</subfield>
        </datafield>
        <datafield tag="246" ind1="3" ind2="0">
            <subfield code="a">Best of White dwarf magazine</subfield>
        </datafield>
        <datafield tag="260" ind1=" " ind2=" ">
            <subfield code="a">Lenton, Nottingham :</subfield>
            <subfield code="b">Games Workshop Ltd.,</subfield>
            <subfield code="c">2003.</subfield>
        </datafield>
        <datafield tag="300" ind1=" " ind2=" ">
            <subfield code="a">111 p. :</subfield>
            <subfield code="b">col. ill. ;</subfield>
            <subfield code="c">28 cm.</subfield>
        </datafield>
        <datafield tag="490" ind1="1" ind2=" ">
            <subfield code="a">Lord of the rings battle game ;</subfield>
            <subfield code="v">2</subfield>
        </datafield>
        <datafield tag="500" ind1=" " ind2=" ">
            <subfield code="a">Title from cover.</subfield>
        </datafield>
        <datafield tag="500" ind1=" " ind2=" ">
            <subfield code="a">Back cover unfolds to [6] p.</subfield>
        </datafield>
        <datafield tag="500" ind1=" " ind2=" ">
            <subfield code="a">The two towers game by Rick Priestley &amp; Alessio Cavatore - p. 2.</subfield>
        </datafield>
        <datafield tag="650" ind1=" " ind2="0">
            <subfield code="a">Lord of the Rings Strategy Battle Game.</subfield>
        </datafield>
        <datafield tag="600" ind1="1" ind2="0">
            <subfield code="a">Tolkien, J. R. R.</subfield>
            <subfield code="q">(John Ronald Reuel),</subfield>
            <subfield code="d">1892-1973.</subfield>
            <subfield code="t">Two towers</subfield>
            <subfield code="v">Adaptations.</subfield>
        </datafield>
        <datafield tag="650" ind1=" " ind2="0">
            <subfield code="a">War games.</subfield>
        </datafield>
        <datafield tag="700" ind1="1" ind2=" ">
            <subfield code="a">Cavatore, Alessio.</subfield>
        </datafield>
        <datafield tag="710" ind1="2" ind2=" ">
            <subfield code="a">Games Workshop.</subfield>
        </datafield>
        <datafield tag="730" ind1="0" ind2=" ">
            <subfield code="a">White dwarf.</subfield>
        </datafield>
        <datafield tag="830" ind1=" " ind2="0">
            <subfield code="a">Lord of the rings strategy battle game.</subfield>
            <subfield code="n">2,</subfield>
            <subfield code="p">Two towers.</subfield>
        </datafield>
        <datafield tag="852" ind1="8" ind2=" ">
            <subfield code="a">UkOxU</subfield>
            <subfield code="b">BODBL</subfield>
            <subfield code="h">X09.D01931</subfield>
            <subfield code="m">(Box B000000789738)</subfield>
        </datafield>
    </record>