
    <record>
        <leader>01172nam a2200337 a 4500</leader>
        <controlfield tag="001">017176969</controlfield>
        <controlfield tag="003">UkOxU</controlfield>
        <controlfield tag="005">20100316215022.0</controlfield>
        <controlfield tag="008">050409r20052004enkac         001 0 eng  </controlfield>
        <datafield tag="015" ind1=" " ind2=" ">
            <subfield code="a">GBA548658</subfield>
            <subfield code="2">bnb</subfield>
        </datafield>
        <datafield tag="020" ind1=" " ind2=" ">
            <subfield code="a">0753510871 (pbk.) :</subfield>
            <subfield code="c">£8.99</subfield>
        </datafield>
        <datafield tag="035" ind1=" " ind2=" ">
            <subfield code="a">(Uk)013215618</subfield>
        </datafield>
        <datafield tag="035" ind1=" " ind2=" ">
            <subfield code="a">(UkLCURL)72013215618</subfield>
        </datafield>
        <datafield tag="038" ind1=" " ind2=" ">
            <subfield code="a">Uk</subfield>
        </datafield>
        <datafield tag="040" ind1=" " ind2=" ">
            <subfield code="a">StDuBDS</subfield>
            <subfield code="d">Uk</subfield>
        </datafield>
        <datafield tag="042" ind1=" " ind2=" ">
            <subfield code="a">ukblsr</subfield>
        </datafield>
        <datafield tag="049" ind1=" " ind2=" ">
            <subfield code="j">CU</subfield>
            <subfield code="k">72013215618</subfield>
            <subfield code="l">b</subfield>
        </datafield>
        <datafield tag="082" ind1="0" ind2="4">
            <subfield code="a">791.4372</subfield>
            <subfield code="2">22</subfield>
        </datafield>
        <datafield tag="090" ind1=" " ind2=" ">
            <subfield code="a">BLI</subfield>
            <subfield code="b">YK.2006.a.11927</subfield>
        </datafield>
        <datafield tag="100" ind1="1" ind2=" ">
            <subfield code="a">Astin, Sean.</subfield>
        </datafield>
        <datafield tag="245" ind1="1" ind2="0">
            <subfield code="a">There and back again :</subfield>
            <subfield code="b">an actor's tale : a behind-the-scenes look at the Lord of the Rings /</subfield>
            <subfield code="c">Sean Astin with Joe Layden.</subfield>
        </datafield>
        <datafield tag="260" ind1=" " ind2=" ">
            <subfield code="a">London :</subfield>
            <subfield code="b">Virgin,</subfield>
            <subfield code="c">2004</subfield>
            <subfield code="g">(2005 printing)</subfield>
        </datafield>
        <datafield tag="300" ind1=" " ind2=" ">
            <subfield code="a">362 p., [8] p. of plates :</subfield>
            <subfield code="b">col. ill. , col. ports. ;</subfield>
            <subfield code="c">20 cm.</subfield>
        </datafield>
        <datafield tag="500" ind1=" " ind2=" ">
            <subfield code="a">Includes index.</subfield>
        </datafield>
        <datafield tag="500" ind1=" " ind2=" ">
            <subfield code="a">Formerly CIP.</subfield>
            <subfield code="5">Uk</subfield>
        </datafield>
        <datafield tag="600" ind1="1" ind2="0">
            <subfield code="a">Astin, Sean.</subfield>
        </datafield>
        <datafield tag="630" ind1="0" ind2="0">
            <subfield code="a">Lord of the rings, the fellowship of the ring (Motion picture)</subfield>
        </datafield>
        <datafield tag="630" ind1="0" ind2="0">
            <subfield code="a">Lord of the rings, the two towers (Motion picture)</subfield>
        </datafield>
        <datafield tag="630" ind1="0" ind2="0">
            <subfield code="a">Lord of the rings, the return of the king (Motion picture)</subfield>
        </datafield>
        <datafield tag="700" ind1="1" ind2=" ">
            <subfield code="a">Layden, Joseph,</subfield>
            <subfield code="d">1959-</subfield>
        </datafield>
        <datafield tag="852" ind1="8" ind2=" ">
            <subfield code="a">UkOxU</subfield>
            <subfield code="b">BODBL</subfield>
            <subfield code="h">(Box retrieval please)</subfield>
        </datafield>
    </record>