
    <record>
        <leader>01281cam a2200349 a 4500</leader>
        <controlfield tag="001">017875516</controlfield>
        <controlfield tag="003">UkOxU</controlfield>
        <controlfield tag="005">20120131153126.0</controlfield>
        <controlfield tag="008">110511s2011    gw       b    000 0 ger d</controlfield>
        <datafield tag="020" ind1=" " ind2=" ">
            <subfield code="a">9783868212990 (pbk.)</subfield>
        </datafield>
        <datafield tag="020" ind1=" " ind2=" ">
            <subfield code="a">386821299X (pbk.)</subfield>
        </datafield>
        <datafield tag="035" ind1=" " ind2=" ">
            <subfield code="a">(OCoLC)722223603</subfield>
        </datafield>
        <datafield tag="035" ind1=" " ind2=" ">
            <subfield code="a">(Uk)015857728</subfield>
        </datafield>
        <datafield tag="035" ind1=" " ind2=" ">
            <subfield code="a">(UkLCURL)72015857728</subfield>
        </datafield>
        <datafield tag="038" ind1=" " ind2=" ">
            <subfield code="a">OCoLC</subfield>
        </datafield>
        <datafield tag="040" ind1=" " ind2=" ">
            <subfield code="a">HEBIS</subfield>
            <subfield code="b">eng</subfield>
            <subfield code="c">HEBIS</subfield>
            <subfield code="d">DEBSZ</subfield>
            <subfield code="d">DEBBG</subfield>
            <subfield code="d">OHX</subfield>
            <subfield code="d">Uk</subfield>
            <subfield code="d">UkOxU</subfield>
        </datafield>
        <datafield tag="042" ind1=" " ind2=" ">
            <subfield code="a">ukblsr</subfield>
        </datafield>
        <datafield tag="049" ind1=" " ind2=" ">
            <subfield code="j">CU</subfield>
            <subfield code="k">72015857728</subfield>
            <subfield code="l">o</subfield>
        </datafield>
        <datafield tag="084" ind1=" " ind2=" ">
            <subfield code="a">HN 8405</subfield>
            <subfield code="2">rvk</subfield>
        </datafield>
        <datafield tag="090" ind1=" " ind2=" ">
            <subfield code="a">BLI</subfield>
            <subfield code="b">YF.2011.a.16583</subfield>
        </datafield>
        <datafield tag="100" ind1="1" ind2=" ">
            <subfield code="a">Kehr, Eike.</subfield>
        </datafield>
        <datafield tag="245" ind1="1" ind2="0">
            <subfield code="a">Natur und Kultur in J.R.R. Tolkiens &quot;The Lord of the Rings&quot; /</subfield>
            <subfield code="c">Eike Kehr.</subfield>
        </datafield>
        <datafield tag="260" ind1="3" ind2=" ">
            <subfield code="a">Trier :</subfield>
            <subfield code="b">WVT, Wissenschaftliger Verlag Trier,</subfield>
            <subfield code="c">2011.</subfield>
        </datafield>
        <datafield tag="300" ind1=" " ind2=" ">
            <subfield code="a">198 p. ;</subfield>
            <subfield code="c">21 cm.</subfield>
        </datafield>
        <datafield tag="490" ind1="1" ind2=" ">
            <subfield code="a">Studien zur anglistischen Literatur- und Sprachwissenschaft ;</subfield>
            <subfield code="v">Band 35</subfield>
        </datafield>
        <datafield tag="500" ind1=" " ind2=" ">
            <subfield code="a">Originally presented as the author's thesis (doctoral)--Universität Gießen, 2010.</subfield>
        </datafield>
        <datafield tag="504" ind1=" " ind2=" ">
            <subfield code="a">Includes bibliographical references.</subfield>
        </datafield>
        <datafield tag="600" ind1="1" ind2="0">
            <subfield code="a">Tolkien, J. R. R.</subfield>
            <subfield code="q">(John Ronald Reuel),</subfield>
            <subfield code="d">1892-1973.</subfield>
            <subfield code="t">Lord of the rings.</subfield>
        </datafield>
        <datafield tag="650" ind1=" " ind2="0">
            <subfield code="a">Nature in literature.</subfield>
        </datafield>
        <datafield tag="650" ind1=" " ind2="0">
            <subfield code="a">Culture in literature.</subfield>
        </datafield>
        <datafield tag="830" ind1=" " ind2="0">
            <subfield code="a">Studien zur anglistischen Literatur- und Sprachwissenschaft</subfield>
            <subfield code="v">Bd. 35.</subfield>
        </datafield>
        <datafield tag="852" ind1=" " ind2=" ">
            <subfield code="a">UkOxU</subfield>
            <subfield code="b">BODBL</subfield>
            <subfield code="h">M12.F02001</subfield>
        </datafield>
    </record>