
    <record>
        <leader>01009nam a2200289 a 4500</leader>
        <controlfield tag="001">017881542</controlfield>
        <controlfield tag="003">UkOxU</controlfield>
        <controlfield tag="005">20130514112236.0</controlfield>
        <controlfield tag="008">090225s2007    enka          000 0 eng c</controlfield>
        <datafield tag="015" ind1=" " ind2=" ">
            <subfield code="a">GBA926893</subfield>
            <subfield code="2">bnb</subfield>
        </datafield>
        <datafield tag="020" ind1=" " ind2=" ">
            <subfield code="a">9781841548111 (pbk.)</subfield>
        </datafield>
        <datafield tag="020" ind1=" " ind2=" ">
            <subfield code="a">1841548111 (pbk.)</subfield>
        </datafield>
        <datafield tag="035" ind1=" " ind2=" ">
            <subfield code="a">(UkCU)4726055</subfield>
        </datafield>
        <datafield tag="035" ind1=" " ind2=" ">
            <subfield code="a">(Uk)014556336</subfield>
        </datafield>
        <datafield tag="040" ind1=" " ind2=" ">
            <subfield code="a">UK-WkNB</subfield>
            <subfield code="b">eng</subfield>
            <subfield code="c">UK-WkNB</subfield>
            <subfield code="d">UkCU</subfield>
            <subfield code="d">Uk</subfield>
            <subfield code="d">UkOxU</subfield>
        </datafield>
        <datafield tag="042" ind1=" " ind2=" ">
            <subfield code="a">ukscp</subfield>
        </datafield>
        <datafield tag="082" ind1="0" ind2="4">
            <subfield code="a">793.92</subfield>
            <subfield code="2">22</subfield>
        </datafield>
        <datafield tag="100" ind1="1" ind2=" ">
            <subfield code="a">Troke, Adam.</subfield>
        </datafield>
        <datafield tag="245" ind1="1" ind2="0">
            <subfield code="a">Khazad-Dûm :</subfield>
            <subfield code="b">a sourcebook for the Lord of the Rings strategy battle game /</subfield>
            <subfield code="c">[written by Adam Troke].</subfield>
        </datafield>
        <datafield tag="260" ind1=" " ind2=" ">
            <subfield code="a">Lenton :</subfield>
            <subfield code="b">Games Workshop Limited,</subfield>
            <subfield code="c">c2007.</subfield>
        </datafield>
        <datafield tag="300" ind1=" " ind2=" ">
            <subfield code="a">64 p. :</subfield>
            <subfield code="b">ill. ;</subfield>
            <subfield code="c">28 cm.</subfield>
        </datafield>
        <datafield tag="490" ind1="1" ind2=" ">
            <subfield code="a">Lord of the Rings strategy battle game sourcebook</subfield>
        </datafield>
        <datafield tag="650" ind1=" " ind2="0">
            <subfield code="a">Lord of the Rings Strategy Battle Game.</subfield>
        </datafield>
        <datafield tag="600" ind1="1" ind2="0">
            <subfield code="a">Tolkien, J. R. R.</subfield>
            <subfield code="q">(John Ronald Reuel),</subfield>
            <subfield code="d">1892-1973.</subfield>
            <subfield code="t">Lord of the rings</subfield>
            <subfield code="v">Adaptations.</subfield>
        </datafield>
        <datafield tag="650" ind1=" " ind2="0">
            <subfield code="a">War games.</subfield>
        </datafield>
        <datafield tag="710" ind1="2" ind2=" ">
            <subfield code="a">Games Workshop.</subfield>
        </datafield>
        <datafield tag="830" ind1=" " ind2="0">
            <subfield code="a">Lord of the Rings strategy battle game sourcebook.</subfield>
        </datafield>
    </record>