
    <record>
        <leader>00859cam a2200265 i 4500</leader>
        <controlfield tag="001">019065734</controlfield>
        <controlfield tag="003">UkOxU</controlfield>
        <controlfield tag="005">20160120124635.0</controlfield>
        <controlfield tag="008">050929s1981    pl            000 1 pol d</controlfield>
        <datafield tag="020" ind1=" " ind2=" ">
            <subfield code="a">8307000629</subfield>
        </datafield>
        <datafield tag="020" ind1=" " ind2=" ">
            <subfield code="a">9788307000626</subfield>
        </datafield>
        <datafield tag="020" ind1=" " ind2=" ">
            <subfield code="a">8307004403</subfield>
        </datafield>
        <datafield tag="020" ind1=" " ind2=" ">
            <subfield code="a">9788307004402</subfield>
        </datafield>
        <datafield tag="035" ind1=" " ind2=" ">
            <subfield code="a">(OCoLC)749534661</subfield>
            <subfield code="z">(OCoLC)69455838</subfield>
        </datafield>
        <datafield tag="040" ind1=" " ind2=" ">
            <subfield code="a">NUKAT</subfield>
            <subfield code="b">pol</subfield>
            <subfield code="c">NUKAT</subfield>
            <subfield code="d">UkOxU</subfield>
        </datafield>
        <datafield tag="041" ind1="1" ind2=" ">
            <subfield code="a">pol</subfield>
            <subfield code="h">eng</subfield>
        </datafield>
        <datafield tag="100" ind1="1" ind2=" ">
            <subfield code="a">Tolkien, J. R. R.</subfield>
            <subfield code="q">(John Ronald Reuel),</subfield>
            <subfield code="d">1892-1973.</subfield>
        </datafield>
        <datafield tag="240" ind1="1" ind2="0">
            <subfield code="a">Two towers</subfield>
            <subfield code="l">(pol.)</subfield>
        </datafield>
        <datafield tag="245" ind1="1" ind2="0">
            <subfield code="a">Dwie wieże /</subfield>
            <subfield code="c">J. R. R. Tolkien ; tł. Maria Skibniewska.</subfield>
        </datafield>
        <datafield tag="250" ind1=" " ind2=" ">
            <subfield code="a">Wyd. 2.</subfield>
        </datafield>
        <datafield tag="260" ind1=" " ind2=" ">
            <subfield code="a">Warszawa :</subfield>
            <subfield code="b">Czytelnik,</subfield>
            <subfield code="c">1981.</subfield>
        </datafield>
        <datafield tag="300" ind1=" " ind2=" ">
            <subfield code="a">452, [3] s. ;</subfield>
            <subfield code="c">21 cm.</subfield>
        </datafield>
        <datafield tag="490" ind1="1" ind2=" ">
            <subfield code="a">Władca Pierścieci / J. R. R. Tolkien ;</subfield>
            <subfield code="v">2</subfield>
        </datafield>
        <datafield tag="700" ind1="1" ind2=" ">
            <subfield code="a">Skibniewska, Maria</subfield>
        </datafield>
        <datafield tag="800" ind1="1" ind2=" ">
            <subfield code="a">Tolkien, J. R. R.</subfield>
            <subfield code="q">(John Ronald Reuel),</subfield>
            <subfield code="d">1892-1973.</subfield>
            <subfield code="t">Lord of the rings</subfield>
            <subfield code="l">(pol.) ;</subfield>
            <subfield code="v">2.</subfield>
        </datafield>
    </record>