
    <record>
        <leader>01129cam a2200337Ia 4500</leader>
        <controlfield tag="001">019072182</controlfield>
        <controlfield tag="003">UkOxU</controlfield>
        <controlfield tag="005">20111205100105.0</controlfield>
        <controlfield tag="008">050630m19561957ne ab         000 1 dut d</controlfield>
        <datafield tag="020" ind1=" " ind2=" ">
            <subfield code="a">9027401683 (v.1)</subfield>
        </datafield>
        <datafield tag="020" ind1=" " ind2=" ">
            <subfield code="a">9789027401687 (v.1)</subfield>
        </datafield>
        <datafield tag="020" ind1=" " ind2=" ">
            <subfield code="a">9027401691 (v.2)</subfield>
        </datafield>
        <datafield tag="020" ind1=" " ind2=" ">
            <subfield code="a">9789027401694 (v.2)</subfield>
        </datafield>
        <datafield tag="035" ind1=" " ind2=" ">
            <subfield code="a">(OCoLC)60788266</subfield>
        </datafield>
        <datafield tag="040" ind1=" " ind2=" ">
            <subfield code="a">AJB</subfield>
            <subfield code="c">AJB</subfield>
            <subfield code="d">AJB</subfield>
            <subfield code="d">OCLCG</subfield>
            <subfield code="d">OCLCA</subfield>
        </datafield>
        <datafield tag="041" ind1="1" ind2=" ">
            <subfield code="a">dut</subfield>
            <subfield code="h">eng</subfield>
        </datafield>
        <datafield tag="090" ind1=" " ind2=" ">
            <subfield code="a">PR6039.O32</subfield>
            <subfield code="b">L612x 1956</subfield>
        </datafield>
        <datafield tag="100" ind1="1" ind2=" ">
            <subfield code="a">Tolkien, J. R. R.</subfield>
            <subfield code="q">(John Ronald Reuel),</subfield>
            <subfield code="d">1892-1973.</subfield>
        </datafield>
        <datafield tag="240" ind1="1" ind2="0">
            <subfield code="a">Lord of the rings.</subfield>
            <subfield code="l">Dutch</subfield>
        </datafield>
        <datafield tag="245" ind1="1" ind2="0">
            <subfield code="a">In de ban van de ring /</subfield>
            <subfield code="c">J.R.R. Tolkien ; vertaald door Max Schuchart.</subfield>
        </datafield>
        <datafield tag="250" ind1=" " ind2=" ">
            <subfield code="a">22nd edition</subfield>
        </datafield>
        <datafield tag="260" ind1=" " ind2=" ">
            <subfield code="a">Utrecht [The Netherlands] :</subfield>
            <subfield code="b">Spectrum,</subfield>
            <subfield code="c">1979.</subfield>
        </datafield>
        <datafield tag="300" ind1=" " ind2=" ">
            <subfield code="a">3 v. :</subfield>
            <subfield code="b">ill., maps ;</subfield>
            <subfield code="c">19 cm.</subfield>
        </datafield>
        <datafield tag="490" ind1="1" ind2=" ">
            <subfield code="a">Prisma-boeken ;</subfield>
            <subfield code="v">1111-1113</subfield>
        </datafield>
        <datafield tag="505" ind1="0" ind2=" ">
            <subfield code="a">D.1. De reisgenoten -- D. 2. De twee torens -- D. 3. De terugkeer van de koning.</subfield>
        </datafield>
        <datafield tag="546" ind1=" " ind2=" ">
            <subfield code="a">Translation of: The lord of the rings.</subfield>
        </datafield>
        <datafield tag="700" ind1="1" ind2=" ">
            <subfield code="a">Schuchart, Max,</subfield>
            <subfield code="d">1920-2005.</subfield>
        </datafield>
        <datafield tag="830" ind1=" " ind2="0">
            <subfield code="a">Prisma-boeken ;</subfield>
            <subfield code="v">1111-1113.</subfield>
        </datafield>
        <datafield tag="852" ind1=" " ind2=" ">
            <subfield code="a">UkOxU</subfield>
            <subfield code="b">BODFA</subfield>
        </datafield>
        <datafield tag="852" ind1=" " ind2=" ">
            <subfield code="a">UkOxU</subfield>
            <subfield code="b">BODFA</subfield>
        </datafield>
        <datafield tag="852" ind1=" " ind2=" ">
            <subfield code="a">UkOxU</subfield>
            <subfield code="b">BODFA</subfield>
        </datafield>
    </record>