
    <record>
        <leader>00834nam a2200241 a 4500</leader>
        <controlfield tag="001">019224580</controlfield>
        <controlfield tag="003">UkOxU</controlfield>
        <controlfield tag="005">20120119144320.0</controlfield>
        <controlfield tag="008">110705s2011    enka     b    001 0 eng|d</controlfield>
        <datafield tag="015" ind1=" " ind2=" ">
            <subfield code="a">GBB183268</subfield>
            <subfield code="2">bnb</subfield>
        </datafield>
        <datafield tag="020" ind1=" " ind2=" ">
            <subfield code="a">9780719082924 (hbk.) :</subfield>
            <subfield code="c">£55.00</subfield>
        </datafield>
        <datafield tag="020" ind1=" " ind2=" ">
            <subfield code="a">0719082927 (hbk.) :</subfield>
            <subfield code="c">£55.00</subfield>
        </datafield>
        <datafield tag="035" ind1=" " ind2=" ">
            <subfield code="a">(Uk)015846264</subfield>
        </datafield>
        <datafield tag="040" ind1=" " ind2=" ">
            <subfield code="a">StDuBDS</subfield>
            <subfield code="b">eng</subfield>
            <subfield code="c">StDuBDS</subfield>
            <subfield code="d">UkOxU</subfield>
        </datafield>
        <datafield tag="082" ind1="0" ind2="4">
            <subfield code="a">794.814678</subfield>
            <subfield code="2">22</subfield>
        </datafield>
        <datafield tag="245" ind1="0" ind2="0">
            <subfield code="a">Ring bearers :</subfield>
            <subfield code="b">The Lord of the Rings online as intertextual narrative /</subfield>
            <subfield code="c">edited by Tanya Krzywinska, Esther MacCallum-Stewart and Justin Parsler.</subfield>
        </datafield>
        <datafield tag="260" ind1=" " ind2=" ">
            <subfield code="a">Manchester :</subfield>
            <subfield code="b">Manchester University Press,</subfield>
            <subfield code="c">c2011.</subfield>
        </datafield>
        <datafield tag="300" ind1=" " ind2=" ">
            <subfield code="a">ix, 177 p. :</subfield>
            <subfield code="b">ill. ;</subfield>
            <subfield code="c">23 cm.</subfield>
        </datafield>
        <datafield tag="650" ind1=" " ind2="0">
            <subfield code="a">Video games.</subfield>
        </datafield>
        <datafield tag="700" ind1="1" ind2=" ">
            <subfield code="a">Krzywinska, Tanya.</subfield>
        </datafield>
        <datafield tag="700" ind1="1" ind2=" ">
            <subfield code="a">MacCallum-Stewart, Esther.</subfield>
        </datafield>
        <datafield tag="700" ind1="1" ind2=" ">
            <subfield code="a">Parsler, Justin.</subfield>
        </datafield>
        <datafield tag="852" ind1=" " ind2=" ">
            <subfield code="a">UkOxU</subfield>
            <subfield code="b">BODBL</subfield>
            <subfield code="h">M12.F02174</subfield>
        </datafield>
    </record>