
    <record>
        <leader>01334nam a22002895a 4500</leader>
        <controlfield tag="001">019259630</controlfield>
        <controlfield tag="003">UkOxU</controlfield>
        <controlfield tag="005">20120206124037.0</controlfield>
        <controlfield tag="008">841112s1980    is ||||  ||||||0| ||heb|d</controlfield>
        <datafield tag="040" ind1=" " ind2=" ">
            <subfield code="a">UkOxU</subfield>
            <subfield code="b">eng</subfield>
            <subfield code="c">UkOxU</subfield>
        </datafield>
        <datafield tag="041" ind1="1" ind2=" ">
            <subfield code="a">heb</subfield>
            <subfield code="h">eng</subfield>
        </datafield>
        <datafield tag="100" ind1="1" ind2=" ">
            <subfield code="a">Tolkien, J. R. R.</subfield>
            <subfield code="q">(John Ronald Reuel),</subfield>
            <subfield code="d">1892-1973.</subfield>
        </datafield>
        <datafield tag="240" ind1="1" ind2="0">
            <subfield code="a">Return of the king.</subfield>
            <subfield code="l">Hebrew</subfield>
        </datafield>
        <datafield tag="245" ind1="1" ind2="0">
            <subfield code="6">880-01</subfield>
            <subfield code="a">Shuvo shel ha-melekh :</subfield>
            <subfield code="b">she-hu ha-ḥeleḳ ha-shelishi shel Śar ha-ṭabaʿot /</subfield>
            <subfield code="c">me-et G'. R. R. Ṭolḳin ; tirgemah me-Anglit, Rut Livnit ; targum ha-shirim Uriʼel Ofeḳ .</subfield>
        </datafield>
        <datafield tag="260" ind1=" " ind2=" ">
            <subfield code="a">Tel-Aviv :</subfield>
            <subfield code="b">Zemorah-Bitan-Modan,</subfield>
            <subfield code="c">1980.</subfield>
        </datafield>
        <datafield tag="300" ind1=" " ind2=" ">
            <subfield code="a">280 p. :</subfield>
            <subfield code="b">maps ;</subfield>
            <subfield code="c">22 cm.</subfield>
        </datafield>
        <datafield tag="490" ind1="1" ind2=" ">
            <subfield code="a">Śar ha-ṭabaʿot =</subfield>
            <subfield code="a">Lord of the rings ;</subfield>
            <subfield code="v">3</subfield>
        </datafield>
        <datafield tag="500" ind1=" " ind2=" ">
            <subfield code="a">Translation of: The return of the king.</subfield>
        </datafield>
        <datafield tag="600" ind1="1" ind2="0">
            <subfield code="a">Baggins, Frodo</subfield>
            <subfield code="x">Fiction.</subfield>
        </datafield>
        <datafield tag="650" ind1=" " ind2="0">
            <subfield code="a">Middle Earth (Imaginary place).</subfield>
        </datafield>
        <datafield tag="650" ind1=" " ind2="0">
            <subfield code="a">Fantasy fiction, English.</subfield>
        </datafield>
        <datafield tag="700" ind1="1" ind2=" ">
            <subfield code="a">Livnit, Rut.</subfield>
        </datafield>
        <datafield tag="700" ind1="1" ind2=" ">
            <subfield code="a">Ofek, Uriel.</subfield>
        </datafield>
        <datafield tag="752" ind1=" " ind2=" ">
            <subfield code="a">Israel</subfield>
            <subfield code="d">Tel Aviv</subfield>
        </datafield>
        <datafield tag="800" ind1="1" ind2=" ">
            <subfield code="a">Tolkien, J. R. R.</subfield>
            <subfield code="q">(John Ronald Reuel),</subfield>
            <subfield code="d">1892-1973.</subfield>
            <subfield code="t">Return of the king</subfield>
        </datafield>
        <datafield tag="880" ind1="1" ind2="0">
            <subfield code="6">245-01/(2/r</subfield>
            <subfield code="a">שובו של המלך :</subfield>
            <subfield code="b">שהוא החלק השלישי של שר הטבעות /</subfield>
            <subfield code="c">מאת ג'ון רונלד רעואל טולקין ; תרגמה מאנגלית, רות לבנית ; תרגום השירים, אוריאל אופק.</subfield>
        </datafield>
        <datafield tag="852" ind1=" " ind2=" ">
            <subfield code="a">UkOxU</subfield>
            <subfield code="b">BODBL</subfield>
        </datafield>
    </record>