
    <record>
        <leader>03201cam a2200553 a 4500</leader>
        <controlfield tag="001">019296959</controlfield>
        <controlfield tag="003">UkOxU</controlfield>
        <controlfield tag="005">20120327143623.0</controlfield>
        <controlfield tag="008">090217s2008    sz ac    b    000 0 eng d</controlfield>
        <datafield tag="020" ind1=" " ind2=" ">
            <subfield code="a">9783905703122 (softcover : alk. paper)</subfield>
        </datafield>
        <datafield tag="020" ind1=" " ind2=" ">
            <subfield code="a">3905703122 (softcover : alk. paper)</subfield>
        </datafield>
        <datafield tag="035" ind1=" " ind2=" ">
            <subfield code="a">(OCoLC)ocn235597536</subfield>
        </datafield>
        <datafield tag="035" ind1=" " ind2=" ">
            <subfield code="a">(GyWOH)har085024510</subfield>
        </datafield>
        <datafield tag="035" ind1=" " ind2=" ">
            <subfield code="a">(OCoLC)235597536</subfield>
        </datafield>
        <datafield tag="035" ind1=" " ind2=" ">
            <subfield code="a">(UkCU)4721948</subfield>
        </datafield>
        <datafield tag="035" ind1=" " ind2=" ">
            <subfield code="a">(UkLCURL)014721948</subfield>
        </datafield>
        <datafield tag="038" ind1=" " ind2=" ">
            <subfield code="a">OCoLC</subfield>
        </datafield>
        <datafield tag="040" ind1=" " ind2=" ">
            <subfield code="a">IVD</subfield>
            <subfield code="c">IVD</subfield>
            <subfield code="d">BAKER</subfield>
            <subfield code="d">XBE</subfield>
            <subfield code="d">OHX</subfield>
            <subfield code="d">PUL</subfield>
            <subfield code="d">OCLCQ</subfield>
            <subfield code="d">DEBBG</subfield>
            <subfield code="d">UkOxU</subfield>
        </datafield>
        <datafield tag="043" ind1=" " ind2=" ">
            <subfield code="a">e-uk-en</subfield>
        </datafield>
        <datafield tag="049" ind1=" " ind2=" ">
            <subfield code="j">CU</subfield>
            <subfield code="k">014721948</subfield>
            <subfield code="l">o</subfield>
        </datafield>
        <datafield tag="050" ind1=" " ind2="4">
            <subfield code="a">PR6039.O32</subfield>
            <subfield code="b">Z8825 2008</subfield>
        </datafield>
        <datafield tag="084" ind1=" " ind2=" ">
            <subfield code="a">HN 8405</subfield>
            <subfield code="2">rvk</subfield>
        </datafield>
        <datafield tag="090" ind1=" " ind2=" ">
            <subfield code="a">Cam</subfield>
            <subfield code="b">725:29.c.200.1968</subfield>
        </datafield>
        <datafield tag="245" ind1="0" ind2="0">
            <subfield code="a">Tolkien's The Lord of the Rings sources of inspiration /</subfield>
            <subfield code="c">edited by Stratford Caldecott &amp; Thomas Honegger.</subfield>
        </datafield>
        <datafield tag="246" ind1="3" ind2=" ">
            <subfield code="a">Lord of the Rings sources of inspiration</subfield>
        </datafield>
        <datafield tag="260" ind1=" " ind2=" ">
            <subfield code="a">Zurich :</subfield>
            <subfield code="b">Walking Tree Publisher,</subfield>
            <subfield code="c">c2008.</subfield>
        </datafield>
        <datafield tag="300" ind1=" " ind2=" ">
            <subfield code="a">237 p. :</subfield>
            <subfield code="b">ill., ports. ;</subfield>
            <subfield code="c">23 cm.</subfield>
        </datafield>
        <datafield tag="490" ind1="1" ind2=" ">
            <subfield code="a">Cormarë Series ;</subfield>
            <subfield code="v">18</subfield>
        </datafield>
        <datafield tag="500" ind1=" " ind2=" ">
            <subfield code="a">Includes a paper on Tolkien, Exeter College and the Great War by John Garth, given at a conference held at Exeter College Oxford in 2008.</subfield>
        </datafield>
        <datafield tag="504" ind1=" " ind2=" ">
            <subfield code="a">Includes bibliographical references.</subfield>
        </datafield>
        <datafield tag="505" ind1="0" ind2=" ">
            <subfield code="a">Foreword / Frances Cairncross -- Introduction: sources of inspiration / Stratford Caldecott -- Part one: biographical -- Tolkien, Exeter College and the Great War / John Garth -- The word as leaf: perspectives on Tolkien as lexicographer and philologist / Peter Gilliver, Edmund Weiner, and Jeremy Marshall -- Gilson, Smith, and Baggins / Verlyn Flieger -- Part two: mythos and modernity -- Enchantment in Tolkien and Middle-Earth / Patrick Curry -- From Vico to Tolkien: the affirmations of myth against the tyranny of reason / Marek Oziewicz -- Frodo or Zarathustra: beyond nihilism in Tolkien and Nietzsche / Peter M. Candler -- Part three: mythos and logos -- Morals makyth man--and hobbit / Leon Pereira -- Tolkien, Chesterton, and Thomism / Alison Milbank -- The influence of holiness: the healing power of Tolkien's narrative / Guglielmo Spirito -- Tolkien's project / Stratford Caldecott -- Conclusion: a look into Galadriel's mirror / Thomas Honegger.</subfield>
        </datafield>
        <datafield tag="600" ind1="1" ind2="0">
            <subfield code="a">Tolkien, J. R. R.</subfield>
            <subfield code="q">(John Ronald Reuel),</subfield>
            <subfield code="d">1892-1973</subfield>
            <subfield code="x">Criticism and interpretation.</subfield>
        </datafield>
        <datafield tag="600" ind1="1" ind2="0">
            <subfield code="a">Tolkien, J. R. R.</subfield>
            <subfield code="q">(John Ronald Reuel),</subfield>
            <subfield code="d">1892-1973</subfield>
            <subfield code="x">Language.</subfield>
        </datafield>
        <datafield tag="600" ind1="1" ind2="0">
            <subfield code="a">Tolkien, J. R. R.</subfield>
            <subfield code="q">(John Ronald Reuel),</subfield>
            <subfield code="d">1892-1973</subfield>
            <subfield code="x">Philosophy.</subfield>
        </datafield>
        <datafield tag="600" ind1="1" ind2="0">
            <subfield code="a">Tolkien, J. R. R.</subfield>
            <subfield code="q">(John Ronald Reuel),</subfield>
            <subfield code="d">1892-1973</subfield>
            <subfield code="x">Knowledge</subfield>
            <subfield code="x">Mythology.</subfield>
        </datafield>
        <datafield tag="600" ind1="1" ind2="0">
            <subfield code="a">Tolkien, J. R. R.</subfield>
            <subfield code="q">(John Ronald Reuel),</subfield>
            <subfield code="d">1892-1973</subfield>
            <subfield code="x">Religion.</subfield>
        </datafield>
        <datafield tag="650" ind1=" " ind2="0">
            <subfield code="a">Fantasy fiction, English</subfield>
            <subfield code="x">History and criticism.</subfield>
        </datafield>
        <datafield tag="650" ind1=" " ind2="0">
            <subfield code="a">Religious fiction, English.</subfield>
        </datafield>
        <datafield tag="650" ind1=" " ind2="0">
            <subfield code="a">Middle Earth (Imaginary place)</subfield>
        </datafield>
        <datafield tag="650" ind1=" " ind2="0">
            <subfield code="a">Mythology in literature.</subfield>
        </datafield>
        <datafield tag="650" ind1=" " ind2="0">
            <subfield code="a">Religion in literature.</subfield>
        </datafield>
        <datafield tag="650" ind1=" " ind2="0">
            <subfield code="a">Comparative literature.</subfield>
        </datafield>
        <datafield tag="650" ind1=" " ind2="0">
            <subfield code="a">Religion and literature</subfield>
            <subfield code="z">England</subfield>
            <subfield code="x">History</subfield>
            <subfield code="y">20th century.</subfield>
        </datafield>
        <datafield tag="650" ind1=" " ind2="0">
            <subfield code="a">New Age movement</subfield>
            <subfield code="x">Relations</subfield>
            <subfield code="x">Christianity.</subfield>
        </datafield>
        <datafield tag="700" ind1="1" ind2=" ">
            <subfield code="a">Caldecott, Stratford.</subfield>
        </datafield>
        <datafield tag="700" ind1="1" ind2=" ">
            <subfield code="a">Honegger, Thomas.</subfield>
        </datafield>
        <datafield tag="700" ind1="1" ind2=" ">
            <subfield code="a">Garth, John.</subfield>
        </datafield>
        <datafield tag="830" ind1=" " ind2="0">
            <subfield code="a">Cormarë Series ;</subfield>
            <subfield code="v">18.</subfield>
        </datafield>
        <datafield tag="852" ind1="8" ind2=" ">
            <subfield code="a">UkOxU</subfield>
            <subfield code="b">EXECL</subfield>
            <subfield code="h">ZMB 83c</subfield>
        </datafield>
    </record>