
    <record>
        <leader>00424nam a22001453a 4500</leader>
        <controlfield tag="001">019324785</controlfield>
        <controlfield tag="003">UkOxU</controlfield>
        <controlfield tag="005">20120517113527.0</controlfield>
        <controlfield tag="008">120517p2003    xx      s     ||| | eng d</controlfield>
        <datafield tag="040" ind1=" " ind2=" ">
            <subfield code="a">UkOxU</subfield>
            <subfield code="b">eng</subfield>
            <subfield code="c">UkOxU</subfield>
        </datafield>
        <datafield tag="245" ind1="0" ind2="4">
            <subfield code="a">The lord of the rings :</subfield>
            <subfield code="b">the two towers.</subfield>
        </datafield>
        <datafield tag="260" ind1=" " ind2=" ">
            <subfield code="a">[S.l.] :</subfield>
            <subfield code="b">New Line Home Entertainment,</subfield>
            <subfield code="c">2003.</subfield>
        </datafield>
        <datafield tag="300" ind1=" " ind2=" ">
            <subfield code="a">2 DVDs.</subfield>
        </datafield>
        <datafield tag="852" ind1="8" ind2=" ">
            <subfield code="a">UkOxU</subfield>
            <subfield code="b">MERCL</subfield>
            <subfield code="c">MEROW</subfield>
            <subfield code="h">DVD/LOR(2)(a)</subfield>
        </datafield>
        <datafield tag="852" ind1="8" ind2=" ">
            <subfield code="a">UkOxU</subfield>
            <subfield code="b">MERCL</subfield>
            <subfield code="c">MEROW</subfield>
            <subfield code="h">DVD/LOR(2)</subfield>
        </datafield>
    </record>