
    <record>
        <leader>01212nam a2200349 a 4500</leader>
        <controlfield tag="001">019354727</controlfield>
        <controlfield tag="003">UkOxU</controlfield>
        <controlfield tag="005">20120820152010.0</controlfield>
        <controlfield tag="008">020501s2001    ic ab         001 1 ice d</controlfield>
        <datafield tag="020" ind1=" " ind2=" ">
            <subfield code="a">9979582286 (v.1)</subfield>
        </datafield>
        <datafield tag="020" ind1=" " ind2=" ">
            <subfield code="a">9979582588 (v. 2)</subfield>
        </datafield>
        <datafield tag="020" ind1=" " ind2=" ">
            <subfield code="a">9979582774 (v. 3)</subfield>
        </datafield>
        <datafield tag="035" ind1=" " ind2=" ">
            <subfield code="a">(UkNtU)000676747</subfield>
        </datafield>
        <datafield tag="035" ind1=" " ind2=" ">
            <subfield code="a">(UkLCURL)16000676747</subfield>
        </datafield>
        <datafield tag="038" ind1=" " ind2=" ">
            <subfield code="a">UkLCURL</subfield>
        </datafield>
        <datafield tag="040" ind1=" " ind2=" ">
            <subfield code="a">UkNtU</subfield>
            <subfield code="c">UkNtU</subfield>
            <subfield code="d">UkOxU</subfield>
        </datafield>
        <datafield tag="041" ind1="1" ind2=" ">
            <subfield code="a">ice</subfield>
        </datafield>
        <datafield tag="049" ind1=" " ind2=" ">
            <subfield code="j">CU</subfield>
            <subfield code="k">16000676747</subfield>
            <subfield code="l">c</subfield>
            <subfield code="m">2</subfield>
        </datafield>
        <datafield tag="090" ind1=" " ind2=" ">
            <subfield code="a">Ntm</subfield>
            <subfield code="b">PR6039.O47</subfield>
        </datafield>
        <datafield tag="100" ind1="1" ind2=" ">
            <subfield code="a">Tolkien, J. R. R.</subfield>
            <subfield code="q">(John Ronald Reuel),</subfield>
            <subfield code="d">1892-1973.</subfield>
        </datafield>
        <datafield tag="240" ind1="1" ind2="0">
            <subfield code="a">Lord of the rings.</subfield>
            <subfield code="l">Icelandic</subfield>
        </datafield>
        <datafield tag="245" ind1="1" ind2="0">
            <subfield code="a">Hringadróttinssaga /</subfield>
            <subfield code="c">eftir J.R.R. Tolkien ; Þorstein Thorarensen íslenskaði ; ljóðaþýðingar: Geir Kristjánsson.</subfield>
        </datafield>
        <datafield tag="260" ind1=" " ind2=" ">
            <subfield code="a">Reykjavík :</subfield>
            <subfield code="b">Fjölvi,</subfield>
            <subfield code="c">1993-</subfield>
        </datafield>
        <datafield tag="300" ind1=" " ind2=" ">
            <subfield code="a">3 v. :</subfield>
            <subfield code="b">ill., maps ;</subfield>
            <subfield code="c">24 cm. +</subfield>
            <subfield code="e">[1] folded leaf.</subfield>
        </datafield>
        <datafield tag="500" ind1=" " ind2=" ">
            <subfield code="a">Includes indexes.</subfield>
        </datafield>
        <datafield tag="505" ind1="8" ind2=" ">
            <subfield code="a">1. Föruneyti hringsins -- 2. Tveggja turna tal -- 3. Hilmir snýr heim.</subfield>
        </datafield>
        <datafield tag="525" ind1=" " ind2=" ">
            <subfield code="a">Accompanied by a folded coloured map of Middle Earth.</subfield>
        </datafield>
        <datafield tag="700" ind1="0" ind2=" ">
            <subfield code="a">Þorsteinn Thorarensen,</subfield>
            <subfield code="d">1927-</subfield>
        </datafield>
        <datafield tag="740" ind1="0" ind2="2">
            <subfield code="a">Föruneyti hringsins</subfield>
        </datafield>
        <datafield tag="740" ind1="0" ind2="2">
            <subfield code="a">Tveggja turna tal</subfield>
        </datafield>
        <datafield tag="852" ind1="8" ind2=" ">
            <subfield code="a">UkOxU</subfield>
            <subfield code="b">BODBL</subfield>
        </datafield>
        <datafield tag="852" ind1="8" ind2=" ">
            <subfield code="a">UkOxU</subfield>
            <subfield code="b">BODBL</subfield>
        </datafield>
    </record>