
    <record>
        <leader>01620nam a2200277 a 4500</leader>
        <controlfield tag="001">019387769</controlfield>
        <controlfield tag="003">UkOxU</controlfield>
        <controlfield tag="005">20120925145424.0</controlfield>
        <controlfield tag="006">m        m        </controlfield>
        <controlfield tag="007">cr cnu---unuuu</controlfield>
        <controlfield tag="008">070104s2007    cauabf  ob   s001 0 eng d</controlfield>
        <datafield tag="035" ind1=" " ind2=" ">
            <subfield code="a">(dli)HEB08180</subfield>
        </datafield>
        <datafield tag="040" ind1=" " ind2=" ">
            <subfield code="a">NyNyACL</subfield>
            <subfield code="c">NyNyACL</subfield>
        </datafield>
        <datafield tag="100" ind1="1" ind2=" ">
            <subfield code="a">Thompson, Kristin,</subfield>
            <subfield code="d">1950-</subfield>
        </datafield>
        <datafield tag="245" ind1="1" ind2="4">
            <subfield code="a">The Frodo franchise</subfield>
            <subfield code="h">[electronic resource] :</subfield>
            <subfield code="b">the Lord of the rings and modern Hollywood /</subfield>
            <subfield code="c">Kristin Thompson.</subfield>
        </datafield>
        <datafield tag="260" ind1=" " ind2=" ">
            <subfield code="a">Berkeley :</subfield>
            <subfield code="b">University of California Press,</subfield>
            <subfield code="c">c2007.</subfield>
        </datafield>
        <datafield tag="300" ind1=" " ind2=" ">
            <subfield code="a">1 online resource (xxi, 399 p., [8] p. of plates) :</subfield>
            <subfield code="b">ill. (some col.), maps (some col.)</subfield>
        </datafield>
        <datafield tag="504" ind1=" " ind2=" ">
            <subfield code="a">Includes bibliographical references (p. 333-369) and index.</subfield>
        </datafield>
        <datafield tag="505" ind1="0" ind2=" ">
            <subfield code="a">I: The film -- Prudent aggression -- Not your father's Tolkien -- Handcrafting a blockbuster -- II: Building the franchise -- Flying billboards and FAQs -- Click to view trailer -- Fans on the margins, Pervy Hobbit Fanciers, and partygoers -- III: Beyond the movie -- Licenses to print money -- Interactive middle-earth -- IV: The lasting power of the rings -- Fantasy come true -- Right in your own backyard.</subfield>
        </datafield>
        <datafield tag="550" ind1=" " ind2=" ">
            <subfield code="a">Issued as part of ACLS Humanities E-Book (Organization)</subfield>
        </datafield>
        <datafield tag="588" ind1=" " ind2=" ">
            <subfield code="a">Title from home page (viewed 19/09/2012)</subfield>
        </datafield>
        <datafield tag="650" ind1=" " ind2="0">
            <subfield code="a">Lord of the Rings films</subfield>
            <subfield code="x">History and criticism.</subfield>
        </datafield>
        <datafield tag="710" ind1="2" ind2=" ">
            <subfield code="a">American Council of Learned Societies.</subfield>
        </datafield>
        <datafield tag="776" ind1="0" ind2="8">
            <subfield code="i">Print version:</subfield>
            <subfield code="a">Thompson, Kristin,</subfield>
            <subfield code="t">The Frodo franchise</subfield>
            <subfield code="d">Berkeley : University of California Press, c2007.</subfield>
            <subfield code="z">9780520247741</subfield>
            <subfield code="z">0520247744</subfield>
            <subfield code="w">(DLC) 2007000109</subfield>
        </datafield>
        <datafield tag="830" ind1=" " ind2="0">
            <subfield code="a">ACLS Humanities E-Book.</subfield>
        </datafield>
        <datafield tag="856" ind1="4" ind2="0">
            <subfield code="u">http://hdl.handle.net/2027/heb.08180</subfield>
        </datafield>
    </record>