
    <record>
        <leader>00796nam a22002413i 4500</leader>
        <controlfield tag="001">019493875</controlfield>
        <controlfield tag="003">UkOxU</controlfield>
        <controlfield tag="005">20181120180936.0</controlfield>
        <controlfield tag="008">130410s2013    enka||| |    |||| ||jpn d</controlfield>
        <datafield tag="020" ind1=" " ind2=" ">
            <subfield code="a">9781907964640</subfield>
            <subfield code="q">paperback</subfield>
        </datafield>
        <datafield tag="035" ind1=" " ind2=" ">
            <subfield code="a">(StEdALDL)1/2984645</subfield>
        </datafield>
        <datafield tag="040" ind1=" " ind2=" ">
            <subfield code="a">StEdALDL</subfield>
            <subfield code="b">eng</subfield>
            <subfield code="e">rda</subfield>
            <subfield code="c">StEdALDL</subfield>
            <subfield code="d">UkOxU</subfield>
        </datafield>
        <datafield tag="049" ind1=" " ind2=" ">
            <subfield code="a">CROBAR</subfield>
        </datafield>
        <datafield tag="110" ind1="2" ind2=" ">
            <subfield code="a">Games Workshop,</subfield>
            <subfield code="e">author.</subfield>
        </datafield>
        <datafield tag="240" ind1="1" ind2="0">
            <subfield code="a">Mordor.</subfield>
            <subfield code="l">Japanese</subfield>
        </datafield>
        <datafield tag="245" ind1="1" ind2="0">
            <subfield code="6">880-01</subfield>
            <subfield code="a">Lord of the Rings. Strategy battle game. Morudōru.</subfield>
        </datafield>
        <datafield tag="264" ind1=" " ind2="0">
            <subfield code="a">Nottingham :</subfield>
            <subfield code="b">Games Workshop Limited,</subfield>
            <subfield code="c">2013.</subfield>
        </datafield>
        <datafield tag="300" ind1=" " ind2=" ">
            <subfield code="a">48 pages :</subfield>
            <subfield code="b">color illustrations ;</subfield>
            <subfield code="c">28 cm</subfield>
        </datafield>
        <datafield tag="336" ind1=" " ind2=" ">
            <subfield code="a">text</subfield>
            <subfield code="2">rdacontent</subfield>
        </datafield>
        <datafield tag="336" ind1=" " ind2=" ">
            <subfield code="a">still image</subfield>
            <subfield code="2">rdacontent</subfield>
        </datafield>
        <datafield tag="337" ind1=" " ind2=" ">
            <subfield code="a">unmediated</subfield>
            <subfield code="2">rdamedia</subfield>
        </datafield>
        <datafield tag="338" ind1=" " ind2=" ">
            <subfield code="a">volume</subfield>
            <subfield code="2">rdacarrier</subfield>
        </datafield>
        <datafield tag="880" ind1="1" ind2="0">
            <subfield code="6">245-01</subfield>
            <subfield code="a">Lord of the Rings. Strategy battle game. モルドール.</subfield>
        </datafield>
    </record>