
    <record>
        <leader>01582ngm a2200361 a 4500</leader>
        <controlfield tag="001">019617258</controlfield>
        <controlfield tag="003">UkOxU</controlfield>
        <controlfield tag="005">20131218101721.0</controlfield>
        <controlfield tag="007">vd cvaizs</controlfield>
        <controlfield tag="008">031112s2012    xxk|||            v|eng d</controlfield>
        <datafield tag="028" ind1="4" ind2="2">
            <subfield code="a">D4/Z1 37408</subfield>
            <subfield code="b">Warner Home Video</subfield>
        </datafield>
        <datafield tag="035" ind1=" " ind2=" ">
            <subfield code="a">(StAbUL)001046476</subfield>
        </datafield>
        <datafield tag="035" ind1=" " ind2=" ">
            <subfield code="a">(UkLCURL)26001046476</subfield>
        </datafield>
        <datafield tag="038" ind1=" " ind2=" ">
            <subfield code="a">UkLCURL</subfield>
        </datafield>
        <datafield tag="040" ind1=" " ind2=" ">
            <subfield code="a">StAbUL</subfield>
            <subfield code="c">StAbUL</subfield>
            <subfield code="d">UkOxU</subfield>
        </datafield>
        <datafield tag="041" ind1="1" ind2=" ">
            <subfield code="a">eng</subfield>
            <subfield code="a">fre</subfield>
            <subfield code="a">ita</subfield>
            <subfield code="b">mul</subfield>
        </datafield>
        <datafield tag="049" ind1=" " ind2=" ">
            <subfield code="j">CU</subfield>
            <subfield code="k">26001046476</subfield>
            <subfield code="l">c</subfield>
        </datafield>
        <datafield tag="090" ind1=" " ind2=" ">
            <subfield code="a">Abn</subfield>
            <subfield code="b">DVD Ame Lor</subfield>
        </datafield>
        <datafield tag="245" ind1="0" ind2="0">
            <subfield code="a">J.R.R. Tolkien's &quot;The lord of the rings&quot;</subfield>
            <subfield code="h">[videorecording].</subfield>
        </datafield>
        <datafield tag="246" ind1="3" ind2="0">
            <subfield code="a">Lord of the rings</subfield>
        </datafield>
        <datafield tag="260" ind1=" " ind2=" ">
            <subfield code="a">U.K. :</subfield>
            <subfield code="b">Warner Home Video,</subfield>
            <subfield code="c">[2012]</subfield>
        </datafield>
        <datafield tag="300" ind1=" " ind2=" ">
            <subfield code="a">1 videodisc (129 min.) :</subfield>
            <subfield code="b">sd., col. ;</subfield>
            <subfield code="c">4 3/4 in. (DVD)</subfield>
        </datafield>
        <datafield tag="500" ind1=" " ind2=" ">
            <subfield code="a">Originally released as a motion picture in 1978.</subfield>
        </datafield>
        <datafield tag="500" ind1=" " ind2=" ">
            <subfield code="a">Dual layer format; aspect ratio 1.85:1 widescreen.</subfield>
        </datafield>
        <datafield tag="500" ind1=" " ind2=" ">
            <subfield code="a">Based on the novels &quot;The fellowship of the ring&quot; and &quot;The two towers&quot; by J.R.R. Tolkien.</subfield>
        </datafield>
        <datafield tag="508" ind1=" " ind2=" ">
            <subfield code="a">Music, Leonard Rosenman; screenplay, Chris Conkling and Peter S. Beagle; producer, Saul Zaentz; director, Ralph Bakshi.</subfield>
        </datafield>
        <datafield tag="521" ind1="8" ind2=" ">
            <subfield code="a">BBFC rating: PG. Film censor's office: PG.</subfield>
        </datafield>
        <datafield tag="546" ind1=" " ind2=" ">
            <subfield code="a">In English (Dolby 2.0 surround sound), French and Italian (Dolby 1.0 mono. sound), with subtitles in English, French, Italian, Dutch, Arabic, Spanish, Portuguese, German, Romanian, Bulgarian, and English and Italian for the hearing impaired.</subfield>
        </datafield>
        <datafield tag="700" ind1="1" ind2=" ">
            <subfield code="a">Tolkien, J. R. R.</subfield>
            <subfield code="q">(John Ronald Reuel),</subfield>
            <subfield code="d">1892-1973.</subfield>
        </datafield>
        <datafield tag="700" ind1="1" ind2=" ">
            <subfield code="a">Conkling, Chris.</subfield>
        </datafield>
        <datafield tag="700" ind1="1" ind2=" ">
            <subfield code="a">Zaentz, Saul.</subfield>
        </datafield>
        <datafield tag="700" ind1="1" ind2=" ">
            <subfield code="a">Bakshi, Ralph.</subfield>
        </datafield>
        <datafield tag="852" ind1="8" ind2=" ">
            <subfield code="a">UkOxU</subfield>
            <subfield code="b">HUGCL</subfield>
            <subfield code="c">HUGLB</subfield>
            <subfield code="h">DVD LOR</subfield>
        </datafield>
    </record>