
    <record>
        <leader>01695nam a2200373 i 4500</leader>
        <controlfield tag="001">019684439</controlfield>
        <controlfield tag="003">UkOxU</controlfield>
        <controlfield tag="005">20140408150605.0</controlfield>
        <controlfield tag="008">140403r20021997enkab         001 0 eng d</controlfield>
        <datafield tag="020" ind1=" " ind2=" ">
            <subfield code="z">9780261102231</subfield>
            <subfield code="q">invalid</subfield>
            <subfield code="q">paperback</subfield>
        </datafield>
        <datafield tag="040" ind1=" " ind2=" ">
            <subfield code="b">eng</subfield>
            <subfield code="e">rda</subfield>
            <subfield code="d">UkOxU</subfield>
        </datafield>
        <datafield tag="043" ind1=" " ind2=" ">
            <subfield code="a">e-uk-en</subfield>
        </datafield>
        <datafield tag="100" ind1="1" ind2=" ">
            <subfield code="a">Tolkien, J. R. R.</subfield>
            <subfield code="q">(John Ronald Reuel),</subfield>
            <subfield code="d">1892-1973,</subfield>
            <subfield code="e">author.</subfield>
        </datafield>
        <datafield tag="245" ind1="1" ind2="4">
            <subfield code="a">The war of the ring /</subfield>
            <subfield code="c">J.R.R. Tolkien ; edited by Christopher Tolkien.</subfield>
        </datafield>
        <datafield tag="250" ind1=" " ind2=" ">
            <subfield code="a">[New] paperback edition.</subfield>
        </datafield>
        <datafield tag="264" ind1=" " ind2="1">
            <subfield code="a">London :</subfield>
            <subfield code="b">HarperCollins Publishers,</subfield>
            <subfield code="c">2002.</subfield>
        </datafield>
        <datafield tag="264" ind1=" " ind2="4">
            <subfield code="c">©1990</subfield>
        </datafield>
        <datafield tag="300" ind1=" " ind2=" ">
            <subfield code="a">xi, 476 pages :</subfield>
            <subfield code="b">illustrations, maps ;</subfield>
            <subfield code="c">20 cm</subfield>
        </datafield>
        <datafield tag="336" ind1=" " ind2=" ">
            <subfield code="a">text</subfield>
            <subfield code="2">rdacontent</subfield>
        </datafield>
        <datafield tag="337" ind1=" " ind2=" ">
            <subfield code="a">unmediated</subfield>
            <subfield code="2">rdamedia</subfield>
        </datafield>
        <datafield tag="338" ind1=" " ind2=" ">
            <subfield code="a">volume</subfield>
            <subfield code="2">rdacarrier</subfield>
        </datafield>
        <datafield tag="490" ind1="1" ind2=" ">
            <subfield code="a">The history of the Lord of the rings ;</subfield>
            <subfield code="v">part 3</subfield>
        </datafield>
        <datafield tag="490" ind1="1" ind2=" ">
            <subfield code="a">The history of Middle-earth ;</subfield>
            <subfield code="v">8</subfield>
        </datafield>
        <datafield tag="500" ind1=" " ind2=" ">
            <subfield code="a">&quot;This paperback edition 2002.&quot; --Title page verso.</subfield>
        </datafield>
        <datafield tag="500" ind1=" " ind2=" ">
            <subfield code="a">First published in Great Britain: London, Unwin Hyman, 1990. Previously published in paperback by Grafton 1992. First published in paperback by HarperCollins Publishers 1997.</subfield>
        </datafield>
        <datafield tag="500" ind1=" " ind2=" ">
            <subfield code="a">Also issued as part of a 4 volumes set in slip-case with slip-case title: The history of the Lord of the rings.</subfield>
        </datafield>
        <datafield tag="500" ind1=" " ind2=" ">
            <subfield code="a">Includes index.</subfield>
        </datafield>
        <datafield tag="500" ind1=" " ind2=" ">
            <subfield code="a">ISBN is of 1992 Grafton edition.</subfield>
        </datafield>
        <datafield tag="600" ind1="1" ind2="0">
            <subfield code="a">Tolkien, J. R. R.</subfield>
            <subfield code="q">(John Ronald Reuel),</subfield>
            <subfield code="d">1892-1973.</subfield>
            <subfield code="t">Lord of the rings</subfield>
            <subfield code="x">Criticism, Textual.</subfield>
        </datafield>
        <datafield tag="650" ind1=" " ind2="0">
            <subfield code="a">Middle Earth (Imaginary place).</subfield>
        </datafield>
        <datafield tag="700" ind1="1" ind2=" ">
            <subfield code="a">Tolkien, Christopher.</subfield>
        </datafield>
        <datafield tag="800" ind1="1" ind2=" ">
            <subfield code="a">Tolkien, Christopher.</subfield>
            <subfield code="t">History of The lord of the rings (HarperCollins (Firm)) ;</subfield>
            <subfield code="v">3.</subfield>
        </datafield>
        <datafield tag="800" ind1="1" ind2=" ">
            <subfield code="a">Tolkien, Christopher.</subfield>
            <subfield code="t">History of Middle-Earth ;</subfield>
            <subfield code="v">8.</subfield>
        </datafield>
        <datafield tag="852" ind1="8" ind2=" ">
            <subfield code="a">UkOxU</subfield>
            <subfield code="b">OUSNU</subfield>
            <subfield code="c">OUSPR</subfield>
            <subfield code="h">EF.TOL</subfield>
        </datafield>
    </record>