
    <record>
        <leader>01369ncm a2200349 i 4500</leader>
        <controlfield tag="001">019692175</controlfield>
        <controlfield tag="003">UkOxU</controlfield>
        <controlfield tag="005">20140514085100.0</controlfield>
        <controlfield tag="008">140422s2014    gw ppl         n    eng d</controlfield>
        <datafield tag="020" ind1=" " ind2=" ">
            <subfield code="a">9783865438164</subfield>
        </datafield>
        <datafield tag="028" ind1="3" ind2="2">
            <subfield code="a">BOE7706</subfield>
            <subfield code="b">Bosworth Edition</subfield>
        </datafield>
        <datafield tag="035" ind1=" " ind2=" ">
            <subfield code="a">(StEdALDL)1/3167201</subfield>
        </datafield>
        <datafield tag="040" ind1=" " ind2=" ">
            <subfield code="a">StEdALDL</subfield>
            <subfield code="b">eng</subfield>
            <subfield code="e">rda</subfield>
            <subfield code="c">StEdALDL</subfield>
            <subfield code="d">UkOxU</subfield>
        </datafield>
        <datafield tag="041" ind1="0" ind2=" ">
            <subfield code="a">eng</subfield>
        </datafield>
        <datafield tag="049" ind1=" " ind2=" ">
            <subfield code="a">CROBAR</subfield>
        </datafield>
        <datafield tag="245" ind1="0" ind2="0">
            <subfield code="a">Piano gefällt mir!.</subfield>
            <subfield code="n">3 :</subfield>
            <subfield code="b">von Pink bis Lord of the Rings : 50 chart &amp; film hits : das ultimative Spielbuch für Klavier /</subfield>
            <subfield code="c">leicht arrangiert von Hans-Günter Heumann.</subfield>
        </datafield>
        <datafield tag="246" ind1="3" ind2="8">
            <subfield code="a">50 chart &amp; film hits piano gefällt mir! 3</subfield>
        </datafield>
        <datafield tag="246" ind1="3" ind2=" ">
            <subfield code="a">Fifty chart &amp; film hits piano gefällt mir!</subfield>
        </datafield>
        <datafield tag="264" ind1=" " ind2="1">
            <subfield code="a">[Berlin] :</subfield>
            <subfield code="b">Bosworth Edition,</subfield>
            <subfield code="c">[2014]</subfield>
        </datafield>
        <datafield tag="300" ind1=" " ind2=" ">
            <subfield code="a">1 score (265 pages) ;</subfield>
            <subfield code="c">31 cn</subfield>
        </datafield>
        <datafield tag="336" ind1=" " ind2=" ">
            <subfield code="a">notated music</subfield>
            <subfield code="2">rdacontent</subfield>
        </datafield>
        <datafield tag="337" ind1=" " ind2=" ">
            <subfield code="a">unmediated</subfield>
            <subfield code="2">rdamedia</subfield>
        </datafield>
        <datafield tag="338" ind1=" " ind2=" ">
            <subfield code="a">volume</subfield>
            <subfield code="2">rdacarrier</subfield>
        </datafield>
        <datafield tag="500" ind1=" " ind2=" ">
            <subfield code="a">50 songs/instrumental pieces arranged for piano with chord symbols.</subfield>
        </datafield>
        <datafield tag="546" ind1=" " ind2=" ">
            <subfield code="b">Staff notation.</subfield>
        </datafield>
        <datafield tag="500" ind1=" " ind2=" ">
            <subfield code="a">Includes interlinear text where appropriate.</subfield>
        </datafield>
        <datafield tag="500" ind1=" " ind2=" ">
            <subfield code="a">Spine title: 50 chart &amp; film hits piano gefällt mir! 3.</subfield>
        </datafield>
        <datafield tag="650" ind1=" " ind2="0">
            <subfield code="a">Piano music, Arranged.</subfield>
        </datafield>
        <datafield tag="650" ind1=" " ind2="0">
            <subfield code="a">Popular instrumental music.</subfield>
        </datafield>
        <datafield tag="650" ind1=" " ind2="0">
            <subfield code="a">Motion picture music</subfield>
            <subfield code="v">Excerpts, Arranged.</subfield>
        </datafield>
        <datafield tag="700" ind1="1" ind2=" ">
            <subfield code="a">Heumann, Hans-Günter,</subfield>
            <subfield code="e">arranger of music.</subfield>
        </datafield>
        <datafield tag="852" ind1="8" ind2=" ">
            <subfield code="a">UkOxU</subfield>
            <subfield code="b">BODBL</subfield>
            <subfield code="h">Mus. Pop. E.A.2014.28</subfield>
        </datafield>
    </record>