
    <record>
        <leader>01347cam a22003613i 4500</leader>
        <controlfield tag="001">019809309</controlfield>
        <controlfield tag="003">UkOxU</controlfield>
        <controlfield tag="005">20140829191603.0</controlfield>
        <controlfield tag="008">871215m19741975ja |||||||||||||||||jpn|d</controlfield>
        <datafield tag="016" ind1="7" ind2=" ">
            <subfield code="a">BN01581593</subfield>
            <subfield code="2">JP-ToKJK</subfield>
        </datafield>
        <datafield tag="020" ind1=" " ind2=" ">
            <subfield code="a">4566020541(上)</subfield>
        </datafield>
        <datafield tag="020" ind1=" " ind2=" ">
            <subfield code="a">456602055X(下)</subfield>
        </datafield>
        <datafield tag="035" ind1=" " ind2=" ">
            <subfield code="a">(JP-ToKJK)BN01581593</subfield>
        </datafield>
        <datafield tag="040" ind1=" " ind2=" ">
            <subfield code="a">JP-ToKJK</subfield>
            <subfield code="b">jpn</subfield>
            <subfield code="c">JP-ToKJK</subfield>
            <subfield code="d">UkOxU</subfield>
        </datafield>
        <datafield tag="041" ind1="1" ind2=" ">
            <subfield code="a">jpn</subfield>
            <subfield code="h">eng</subfield>
        </datafield>
        <datafield tag="100" ind1="1" ind2=" ">
            <subfield code="a">Tolkien, J. R. R. (John Ronald Reuel), 1892-1973.</subfield>
            <subfield code="2">JP-ToKJK</subfield>
        </datafield>
        <datafield tag="245" ind1="1" ind2="0">
            <subfield code="6">880-01</subfield>
            <subfield code="a">Ō no kikan.</subfield>
        </datafield>
        <datafield tag="246" ind1="1" ind2="3">
            <subfield code="a">Return of the king</subfield>
        </datafield>
        <datafield tag="246" ind1="1" ind2="3">
            <subfield code="a">Lord of the rings</subfield>
        </datafield>
        <datafield tag="300" ind1=" " ind2=" ">
            <subfield code="a">2 v. ;</subfield>
            <subfield code="c">22 cm.</subfield>
        </datafield>
        <datafield tag="490" ind1="0" ind2=" ">
            <subfield code="6">880-02</subfield>
            <subfield code="a">Yubiwa monogatari ;</subfield>
            <subfield code="v">5-6(3部)</subfield>
        </datafield>
        <datafield tag="700" ind1="1" ind2=" ">
            <subfield code="6">880-03</subfield>
            <subfield code="a">Seta, Teiji.</subfield>
            <subfield code="2">JP-ToKJK</subfield>
        </datafield>
        <datafield tag="730" ind1="0" ind2=" ">
            <subfield code="a">Tolkien, J. R. R. (John Ronald Reuel), 1892-1973 -- Return of the king.</subfield>
            <subfield code="2">JP-ToKJK</subfield>
        </datafield>
        <datafield tag="880" ind1="0" ind2="0">
            <subfield code="6">245-01</subfield>
            <subfield code="a">王の帰還 /</subfield>
            <subfield code="c">J.R.R.トールキン [著] ; 瀬田貞二訳.</subfield>
        </datafield>
        <datafield tag="880" ind1=" " ind2=" ">
            <subfield code="6">260-00</subfield>
            <subfield code="a">東京 :</subfield>
            <subfield code="b">評論社,</subfield>
            <subfield code="c">1974.12-1975.2.</subfield>
        </datafield>
        <datafield tag="880" ind1="0" ind2=" ">
            <subfield code="6">490-02</subfield>
            <subfield code="a">指輪物語 / J.R.R.トールキン [著] ; 瀬田貞二訳 ;</subfield>
            <subfield code="v">5-6(第3部)</subfield>
        </datafield>
        <datafield tag="880" ind1=" " ind2=" ">
            <subfield code="6">500-00</subfield>
            <subfield code="a">The lord of the rings. の第3部.</subfield>
        </datafield>
        <datafield tag="880" ind1="1" ind2=" ">
            <subfield code="6">700-03</subfield>
            <subfield code="a">瀬田貞二(1916-1979)</subfield>
        </datafield>
        <datafield tag="852" ind1="8" ind2=" ">
            <subfield code="a">UkOxU</subfield>
            <subfield code="b">BJLBL</subfield>
            <subfield code="h">Jap.e.50181/5</subfield>
        </datafield>
        <datafield tag="852" ind1="8" ind2=" ">
            <subfield code="a">UkOxU</subfield>
            <subfield code="b">BJLBL</subfield>
            <subfield code="h">Jap.e.50181/6</subfield>
        </datafield>
        <datafield tag="852" ind1="8" ind2=" ">
            <subfield code="a">UkOxU</subfield>
            <subfield code="b">BJLBL</subfield>
            <subfield code="h">Jap.e.50531/1</subfield>
        </datafield>
        <datafield tag="852" ind1="8" ind2=" ">
            <subfield code="a">UkOxU</subfield>
            <subfield code="b">BJLBL</subfield>
            <subfield code="h">Jap.e.50531/2</subfield>
        </datafield>
        <datafield tag="852" ind1="8" ind2=" ">
            <subfield code="a">UkOxU</subfield>
            <subfield code="b">BJLBL</subfield>
            <subfield code="h">Jap.e.4036/5</subfield>
        </datafield>
    </record>