
    <record>
        <leader>01107cam a22003133i 4500</leader>
        <controlfield tag="001">019819997</controlfield>
        <controlfield tag="003">UkOxU</controlfield>
        <controlfield tag="005">20140829193111.0</controlfield>
        <controlfield tag="008">891003s1977    ja |||||||||||||||||jpn|d</controlfield>
        <datafield tag="016" ind1="7" ind2=" ">
            <subfield code="a">BN03824754</subfield>
            <subfield code="2">JP-ToKJK</subfield>
        </datafield>
        <datafield tag="020" ind1=" " ind2=" ">
            <subfield code="a">4566020568(上)</subfield>
            <subfield code="c">480円</subfield>
        </datafield>
        <datafield tag="020" ind1=" " ind2=" ">
            <subfield code="a">4566020576(下)</subfield>
            <subfield code="c">480円</subfield>
        </datafield>
        <datafield tag="035" ind1=" " ind2=" ">
            <subfield code="a">(JP-ToKJK)BN03824754</subfield>
        </datafield>
        <datafield tag="040" ind1=" " ind2=" ">
            <subfield code="a">JP-ToKJK</subfield>
            <subfield code="b">jpn</subfield>
            <subfield code="c">JP-ToKJK</subfield>
            <subfield code="d">UkOxU</subfield>
        </datafield>
        <datafield tag="041" ind1="1" ind2=" ">
            <subfield code="a">jpn</subfield>
            <subfield code="h">eng</subfield>
        </datafield>
        <datafield tag="245" ind1="0" ind2="0">
            <subfield code="6">880-01</subfield>
            <subfield code="a">Tabi no nakama.</subfield>
        </datafield>
        <datafield tag="246" ind1="1" ind2="3">
            <subfield code="a">Lord of the rings</subfield>
        </datafield>
        <datafield tag="246" ind1="1" ind2="3">
            <subfield code="a">Fellowship of the ring</subfield>
        </datafield>
        <datafield tag="300" ind1=" " ind2=" ">
            <subfield code="a">2 v. ;</subfield>
            <subfield code="c">15 cm.</subfield>
        </datafield>
        <datafield tag="490" ind1="0" ind2=" ">
            <subfield code="6">880-02</subfield>
            <subfield code="a">Hyōronsha bunko</subfield>
            <subfield code="a">Yubiwa monogatari ;</subfield>
            <subfield code="v">1-2(1部)</subfield>
        </datafield>
        <datafield tag="700" ind1="1" ind2=" ">
            <subfield code="a">Tolkien, J. R. R.</subfield>
            <subfield code="q">(John Ronald Reuel),</subfield>
            <subfield code="d">1892-1973.</subfield>
            <subfield code="2">JP-ToKJK</subfield>
        </datafield>
        <datafield tag="700" ind1="1" ind2=" ">
            <subfield code="6">880-03</subfield>
            <subfield code="a">Seta, Teiji.</subfield>
            <subfield code="2">JP-ToKJK</subfield>
        </datafield>
        <datafield tag="730" ind1="0" ind2=" ">
            <subfield code="a">The lord of the rings.</subfield>
            <subfield code="2">JP-ToKJK</subfield>
        </datafield>
        <datafield tag="880" ind1="0" ind2="0">
            <subfield code="6">245-01</subfield>
            <subfield code="a">旅の仲間 /</subfield>
            <subfield code="c">J.R.R.トールキン著 ; 瀬田貞二訳.</subfield>
        </datafield>
        <datafield tag="880" ind1=" " ind2=" ">
            <subfield code="6">260-00</subfield>
            <subfield code="a">東京 :</subfield>
            <subfield code="b">評論社,</subfield>
            <subfield code="c">1977.4.</subfield>
        </datafield>
        <datafield tag="880" ind1="0" ind2=" ">
            <subfield code="6">490-02</subfield>
            <subfield code="a">評論社文庫</subfield>
            <subfield code="a">指輪物語 ;</subfield>
            <subfield code="v">1-2(第1部)</subfield>
        </datafield>
        <datafield tag="880" ind1="1" ind2=" ">
            <subfield code="6">700-03</subfield>
            <subfield code="a">瀬田貞二(1916-1979)</subfield>
        </datafield>
        <datafield tag="852" ind1="8" ind2=" ">
            <subfield code="a">UkOxU</subfield>
            <subfield code="b">BJLBL</subfield>
            <subfield code="h">Jap.f.1496/1</subfield>
        </datafield>
        <datafield tag="852" ind1="8" ind2=" ">
            <subfield code="a">UkOxU</subfield>
            <subfield code="b">BJLBL</subfield>
            <subfield code="h">Jap.f.1496/2</subfield>
        </datafield>
    </record>