
    <record>
        <leader>00638ncm a22001813  4500</leader>
        <controlfield tag="001">019933264</controlfield>
        <controlfield tag="003">UkOxU</controlfield>
        <controlfield tag="005">20141126181838.0</controlfield>
        <controlfield tag="008">141126s1981    xx |||         |    ||| d</controlfield>
        <datafield tag="035" ind1=" " ind2=" ">
            <subfield code="a">bodmusic44600</subfield>
        </datafield>
        <datafield tag="040" ind1=" " ind2=" ">
            <subfield code="a">UkOxU</subfield>
            <subfield code="c">UkOxU</subfield>
        </datafield>
        <datafield tag="100" ind1="1" ind2=" ">
            <subfield code="a">Oliver, Stephen,</subfield>
            <subfield code="d">1950-1992,</subfield>
            <subfield code="e">composer.</subfield>
        </datafield>
        <datafield tag="240" ind1="1" ind2="0">
            <subfield code="a">The lord of the rings. Theme</subfield>
        </datafield>
        <datafield tag="245" ind1="1" ind2="0">
            <subfield code="a">Theme from the BBC radio dramatisation of J.R.R. Tolkien's The lord of the rings. For piano solo.</subfield>
        </datafield>
        <datafield tag="260" ind1=" " ind2=" ">
            <subfield code="a">Borough Green :</subfield>
            <subfield code="b">Novello,</subfield>
            <subfield code="c">1981.</subfield>
        </datafield>
        <datafield tag="300" ind1=" " ind2=" ">
            <subfield code="a">4p. ;</subfield>
            <subfield code="c">cm.28.</subfield>
        </datafield>
        <datafield tag="856" ind1="4" ind2="2">
            <subfield code="3">Link to the original card catalogue</subfield>
            <subfield code="u">http://purl.ox.ac.uk/mmid/mus44600</subfield>
        </datafield>
        <datafield tag="852" ind1="8" ind2=" ">
            <subfield code="a">UkOxU</subfield>
            <subfield code="b">BODBL</subfield>
            <subfield code="h">Mus. 121 d.27 (10)</subfield>
        </datafield>
    </record>