
    <record>
        <leader>00974nam a2200253 i 4500</leader>
        <controlfield tag="001">020513916</controlfield>
        <controlfield tag="003">UkOxU</controlfield>
        <controlfield tag="005">20160210101237.0</controlfield>
        <controlfield tag="008">160209s1988    ag            000 1 spa d</controlfield>
        <datafield tag="040" ind1=" " ind2=" ">
            <subfield code="b">eng</subfield>
            <subfield code="e">rda</subfield>
            <subfield code="d">UkOxU</subfield>
        </datafield>
        <datafield tag="041" ind1=" " ind2=" ">
            <subfield code="a">spa</subfield>
            <subfield code="h">eng</subfield>
        </datafield>
        <datafield tag="100" ind1="1" ind2=" ">
            <subfield code="a">Tolkien, J. R. R.</subfield>
            <subfield code="q">(John Ronald Reuel),</subfield>
            <subfield code="d">1892-1973,</subfield>
            <subfield code="e">author.</subfield>
        </datafield>
        <datafield tag="240" ind1="1" ind2="0">
            <subfield code="a">Lord of the rings.</subfield>
            <subfield code="p">appendices.</subfield>
            <subfield code="l">Spanish</subfield>
        </datafield>
        <datafield tag="245" ind1="1" ind2="3">
            <subfield code="a">El señor de los anillos :</subfield>
            <subfield code="b">apendices /</subfield>
            <subfield code="c">J.R.R. Tolkien; [traducción de Rubén Masera].</subfield>
        </datafield>
        <datafield tag="246" ind1="3" ind2="0">
            <subfield code="a">Apendices</subfield>
        </datafield>
        <datafield tag="264" ind1=" " ind2="1">
            <subfield code="a">Buenos Aires, Argentina :</subfield>
            <subfield code="b">Editorial Minotauro S.R.L.,</subfield>
            <subfield code="c">1988.</subfield>
        </datafield>
        <datafield tag="300" ind1=" " ind2=" ">
            <subfield code="a">177 pages ;</subfield>
            <subfield code="c">20 cm</subfield>
        </datafield>
        <datafield tag="336" ind1=" " ind2=" ">
            <subfield code="a">text</subfield>
            <subfield code="2">rdacontent</subfield>
        </datafield>
        <datafield tag="337" ind1=" " ind2=" ">
            <subfield code="a">unmediated</subfield>
            <subfield code="2">rdamedia</subfield>
        </datafield>
        <datafield tag="338" ind1=" " ind2=" ">
            <subfield code="a">volume</subfield>
            <subfield code="2">rdacarrier</subfield>
        </datafield>
        <datafield tag="500" ind1=" " ind2=" ">
            <subfield code="a">Spanish translation of: The lord of the rings. Originally published: London, Allen &amp; Unwin, 1966.</subfield>
        </datafield>
        <datafield tag="500" ind1=" " ind2=" ">
            <subfield code="a">First Spanish translation published: Barcelona, Spain, Ediciones Minotauro, 1987.</subfield>
        </datafield>
        <datafield tag="700" ind1="1" ind2=" ">
            <subfield code="a">Masera, Rubén,</subfield>
            <subfield code="e">translator.</subfield>
        </datafield>
        <datafield tag="852" ind1="8" ind2=" ">
            <subfield code="a">UkOxU</subfield>
            <subfield code="b">BODBL</subfield>
        </datafield>
    </record>