
    <record>
        <leader>02708aam a22004571i 4500</leader>
        <controlfield tag="001">020559308</controlfield>
        <controlfield tag="003">UkOxU</controlfield>
        <controlfield tag="005">20220511164210.0</controlfield>
        <controlfield tag="006">m    ||  d |      </controlfield>
        <controlfield tag="007">cr |||||||||||</controlfield>
        <controlfield tag="008">160411s2013    xxk||||eo    |||| ||eng  </controlfield>
        <datafield tag="015" ind1=" " ind2=" ">
            <subfield code="a">GBB6F4946</subfield>
            <subfield code="2">bnb</subfield>
        </datafield>
        <datafield tag="020" ind1=" " ind2=" ">
            <subfield code="a">9781137264022</subfield>
            <subfield code="q">(EPUB)</subfield>
        </datafield>
        <datafield tag="020" ind1=" " ind2=" ">
            <subfield code="a">1137264020</subfield>
            <subfield code="q">(EPUB)</subfield>
        </datafield>
        <datafield tag="035" ind1=" " ind2=" ">
            <subfield code="a">(Uk)017806294</subfield>
        </datafield>
        <datafield tag="037" ind1=" " ind2=" ">
            <subfield code="a">583439</subfield>
            <subfield code="b">Ingram Content Group</subfield>
        </datafield>
        <datafield tag="040" ind1=" " ind2=" ">
            <subfield code="a">Uk</subfield>
            <subfield code="b">eng</subfield>
            <subfield code="c">Uk</subfield>
        </datafield>
        <datafield tag="042" ind1=" " ind2=" ">
            <subfield code="a">ukblsr</subfield>
        </datafield>
        <datafield tag="082" ind1="0" ind2="0">
            <subfield code="a">823/.912</subfield>
            <subfield code="2">23</subfield>
        </datafield>
        <datafield tag="245" ind1="0" ind2="0">
            <subfield code="a">J.R.R. Tolkien :</subfield>
            <subfield code="b">the Hobbit and the Lord of the rings /</subfield>
            <subfield code="c">edited by Peter Hunt.</subfield>
        </datafield>
        <datafield tag="264" ind1=" " ind2="1">
            <subfield code="a">Basingstoke :</subfield>
            <subfield code="b">Palgrave Macmillan,</subfield>
            <subfield code="c">2013.</subfield>
        </datafield>
        <datafield tag="300" ind1=" " ind2=" ">
            <subfield code="a">1 online resource (200 pages).</subfield>
        </datafield>
        <datafield tag="336" ind1=" " ind2=" ">
            <subfield code="a">text</subfield>
            <subfield code="2">rdacontent</subfield>
        </datafield>
        <datafield tag="337" ind1=" " ind2=" ">
            <subfield code="a">computer</subfield>
            <subfield code="2">rdamedia</subfield>
        </datafield>
        <datafield tag="338" ind1=" " ind2=" ">
            <subfield code="a">online resource</subfield>
            <subfield code="2">rdacarrier</subfield>
        </datafield>
        <datafield tag="490" ind1="1" ind2=" ">
            <subfield code="a">New casebooks</subfield>
        </datafield>
        <datafield tag="505" ind1="0" ind2="0">
            <subfield code="t">The Hobbit, the tale, children's literature, and the critics /</subfield>
            <subfield code="r">Keith O'Sullivan --</subfield>
            <subfield code="t">Sources and successors /</subfield>
            <subfield code="r">Maria Sachiko Cecire --</subfield>
            <subfield code="t">The pastoral impulse and the turn to the future in the Hobbit and interwar chldren's fiction /</subfield>
            <subfield code="r">Hazel Sheeky Bird -- Tolkien and the traditional dragon tale : an examination of the Hobbit /</subfield>
            <subfield code="r">C.W. Sullivan III --</subfield>
            <subfield code="t">Tolkien's language /</subfield>
            <subfield code="r">Louise Joy --</subfield>
            <subfield code="t">There and back again : the gendered journey of Tolkien's Hobbits /</subfield>
            <subfield code="r">Zoe Jaques --</subfield>
            <subfield code="t">Tolkien and worldbuiding /</subfield>
            <subfield code="r">Catherine Butler --</subfield>
            <subfield code="t">A topoanalytical reading of landscapes in the Lord of the rings and the Hobbit /</subfield>
            <subfield code="r">Jane Suzanne Carroll --</subfield>
            <subfield code="t">Tolkien and trees /</subfield>
            <subfield code="r">Shelley Saguaro and Deborah Cogan Thacker --</subfield>
            <subfield code="t">From illustration to film : visual narratives and target audiences /</subfield>
            <subfield code="r">Kate Harvey.</subfield>
        </datafield>
        <datafield tag="506" ind1="1" ind2=" ">
            <subfield code="a">Legal Deposit;</subfield>
            <subfield code="c">Only available on premises controlled by the deposit library and to one user at any one time;</subfield>
            <subfield code="e">The Legal Deposit Libraries (Non-Print Works) Regulations (UK).</subfield>
            <subfield code="5">UkOxU</subfield>
        </datafield>
        <datafield tag="540" ind1=" " ind2=" ">
            <subfield code="a">Restricted: Printing from this resource is governed by The Legal Deposit Libraries (Non-Print Works) Regulations (UK) and UK copyright law currently in force.</subfield>
            <subfield code="5">UkOxU</subfield>
        </datafield>
        <datafield tag="500" ind1=" " ind2=" ">
            <subfield code="a">Academic</subfield>
        </datafield>
        <datafield tag="600" ind1="1" ind2="0">
            <subfield code="a">Tolkien, J. R. R.</subfield>
            <subfield code="q">(John Ronald Reuel),</subfield>
            <subfield code="d">1892-1973</subfield>
            <subfield code="x">Criticism and interpretation.</subfield>
        </datafield>
        <datafield tag="600" ind1="1" ind2="7">
            <subfield code="a">Tolkien, J. R. R.</subfield>
            <subfield code="q">(John Ronald Reuel),</subfield>
            <subfield code="d">1892-1973.</subfield>
            <subfield code="t">Hobbit.</subfield>
        </datafield>
        <datafield tag="600" ind1="1" ind2="7">
            <subfield code="a">Tolkien, J. R. R.</subfield>
            <subfield code="q">(John Ronald Reuel),</subfield>
            <subfield code="d">1892-1973.</subfield>
            <subfield code="t">Lord of the rings.</subfield>
        </datafield>
        <datafield tag="650" ind1=" " ind2="7">
            <subfield code="a">Essays</subfield>
            <subfield code="2">bisacsh</subfield>
        </datafield>
        <datafield tag="650" ind1=" " ind2="7">
            <subfield code="a">European/English, Irish, Scottish, Welsh</subfield>
            <subfield code="2">bisacsh</subfield>
        </datafield>
        <datafield tag="650" ind1=" " ind2="7">
            <subfield code="a">Literature &amp; literary studies</subfield>
            <subfield code="2">bicssc</subfield>
        </datafield>
        <datafield tag="650" ind1=" " ind2="7">
            <subfield code="a">Literary studies: fiction, novelists &amp; prose writers</subfield>
            <subfield code="2">bicssc</subfield>
        </datafield>
        <datafield tag="700" ind1="1" ind2=" ">
            <subfield code="a">Hunt, Peter,</subfield>
            <subfield code="d">1945-</subfield>
        </datafield>
        <datafield tag="830" ind1=" " ind2="0">
            <subfield code="a">New casebooks (Palgrave Macmillan (Firm))</subfield>
        </datafield>
        <datafield tag="859" ind1=" " ind2=" ">
            <subfield code="a">ELD</subfield>
            <subfield code="b">ebook</subfield>
        </datafield>
        <datafield tag="876" ind1=" " ind2=" ">
            <subfield code="0">ark:/81055/vdc_100030245936.0x000001</subfield>
            <subfield code="a">ark:/81055/vdc_100030245905.0x000001</subfield>
        </datafield>
    </record>