
    <record>
        <leader>04475aam a22007691i 4500</leader>
        <controlfield tag="001">020688135</controlfield>
        <controlfield tag="003">UkOxU</controlfield>
        <controlfield tag="005">20190814173934.0</controlfield>
        <controlfield tag="006">m    ||  d |      </controlfield>
        <controlfield tag="007">cr |||||||||||</controlfield>
        <controlfield tag="008">160915t20152015enka    ob    000 0 eng d</controlfield>
        <datafield tag="015" ind1=" " ind2=" ">
            <subfield code="a">GBB6G5938</subfield>
            <subfield code="2">bnb</subfield>
        </datafield>
        <datafield tag="020" ind1=" " ind2=" ">
            <subfield code="a">9781783205165</subfield>
            <subfield code="q">(electronic bk.)</subfield>
        </datafield>
        <datafield tag="020" ind1=" " ind2=" ">
            <subfield code="a">1783205164</subfield>
            <subfield code="q">(electronic bk.)</subfield>
        </datafield>
        <datafield tag="020" ind1=" " ind2=" ">
            <subfield code="z">9781783205158</subfield>
        </datafield>
        <datafield tag="020" ind1=" " ind2=" ">
            <subfield code="z">1783205156</subfield>
        </datafield>
        <datafield tag="035" ind1=" " ind2=" ">
            <subfield code="a">(Uk)018061843</subfield>
        </datafield>
        <datafield tag="037" ind1=" " ind2=" ">
            <subfield code="a">31809781783205165</subfield>
            <subfield code="b">Ingram Content Group</subfield>
        </datafield>
        <datafield tag="040" ind1=" " ind2=" ">
            <subfield code="a">YDX</subfield>
            <subfield code="b">eng</subfield>
            <subfield code="e">rda</subfield>
            <subfield code="e">pn</subfield>
            <subfield code="c">YDX</subfield>
            <subfield code="d">OCLCO</subfield>
            <subfield code="d">IDEBK</subfield>
            <subfield code="d">EBLCP</subfield>
            <subfield code="d">N$T</subfield>
            <subfield code="d">Uk</subfield>
        </datafield>
        <datafield tag="042" ind1=" " ind2=" ">
            <subfield code="a">ukblsr</subfield>
        </datafield>
        <datafield tag="050" ind1=" " ind2="4">
            <subfield code="a">PN1995.9.L58</subfield>
            <subfield code="b">L668 2015</subfield>
        </datafield>
        <datafield tag="072" ind1=" " ind2="7">
            <subfield code="a">PER</subfield>
            <subfield code="x">009000</subfield>
            <subfield code="2">bisacsh</subfield>
        </datafield>
        <datafield tag="082" ind1="0" ind2="4">
            <subfield code="a">791.4375</subfield>
            <subfield code="2">23</subfield>
        </datafield>
        <datafield tag="245" ind1="0" ind2="4">
            <subfield code="a">The Lord of the Rings /</subfield>
            <subfield code="c">edited by Lorna Piatti-Farnell.</subfield>
        </datafield>
        <datafield tag="264" ind1=" " ind2="1">
            <subfield code="a">Bristol, UK ;</subfield>
            <subfield code="a">Chicago, IL, USA :</subfield>
            <subfield code="b">Intellect Books,</subfield>
            <subfield code="c">2015.</subfield>
        </datafield>
        <datafield tag="264" ind1=" " ind2="4">
            <subfield code="c">©2015.</subfield>
        </datafield>
        <datafield tag="300" ind1=" " ind2=" ">
            <subfield code="a">1 online resource (120 pages ) :</subfield>
            <subfield code="b">colour illustrations.</subfield>
        </datafield>
        <datafield tag="336" ind1=" " ind2=" ">
            <subfield code="a">text</subfield>
            <subfield code="2">rdacontent</subfield>
        </datafield>
        <datafield tag="337" ind1=" " ind2=" ">
            <subfield code="a">computer</subfield>
            <subfield code="2">rdamedia</subfield>
        </datafield>
        <datafield tag="338" ind1=" " ind2=" ">
            <subfield code="a">online resource</subfield>
            <subfield code="2">rdacarrier</subfield>
        </datafield>
        <datafield tag="490" ind1="1" ind2=" ">
            <subfield code="a">Fan phenomena,</subfield>
            <subfield code="x">2051-4468</subfield>
        </datafield>
        <datafield tag="500" ind1=" " ind2=" ">
            <subfield code="a">New Zealand editor and New Zealand content.</subfield>
        </datafield>
        <datafield tag="504" ind1=" " ind2=" ">
            <subfield code="a">Includes bibliographical references.</subfield>
        </datafield>
        <datafield tag="505" ind1="0" ind2="0">
            <subfield code="t">Making fantasy matter: The Lord of the Rings and the legitimization of fantasy cinema /</subfield>
            <subfield code="r">Alexander Sergeant --</subfield>
            <subfield code="t">The Lord of the Rings: one digital fandom to initiate them all /</subfield>
            <subfield code="r">Maggie Parke --</subfield>
            <subfield code="t">Reforging the rings: fan edits and the cinematic Middle-earth /</subfield>
            <subfield code="r">Joshua Wille --</subfield>
            <subfield code="t">Walking between two lands, or how double canon works in the Lord of the Rings fan films /</subfield>
            <subfield code="r">Miguel Ángel Pérez-Gómez --</subfield>
            <subfield code="t">On party business: true-fan celebrations in New Zealand's Middle-earth /</subfield>
            <subfield code="r">Lorna Piatti-Farnell --</subfield>
            <subfield code="t">There, here and back again: the search for Middle-earth in Birmingham /</subfield>
            <subfield code="r">Emily M. Gray --</subfield>
            <subfield code="t">Looking for Lothiriel: the presence of women in Tolkien fandom /</subfield>
            <subfield code="r">Cait Coker and Karen Viars --</subfield>
            <subfield code="t">Lord of the franchise: The Lord of the Rings, IP rights and policing appropriation /</subfield>
            <subfield code="r">Paul Mountfort --</subfield>
            <subfield code="t">Writing the star: The Lord of the Rings and the production of star narratives /</subfield>
            <subfield code="r">Anna Martin --</subfield>
            <subfield code="t">Understanding fans 'precious': the impact of the Lord of the Rings films on the Hobbit movies /</subfield>
            <subfield code="r">Abigail G. Scheg.</subfield>
        </datafield>
        <datafield tag="506" ind1="1" ind2=" ">
            <subfield code="a">Legal Deposit;</subfield>
            <subfield code="c">Only available on premises controlled by the deposit library and to one user at any one time;</subfield>
            <subfield code="e">The Legal Deposit Libraries (Non-Print Works) Regulations (UK).</subfield>
            <subfield code="5">UkOxU</subfield>
        </datafield>
        <datafield tag="540" ind1=" " ind2=" ">
            <subfield code="a">Restricted: Printing from this resource is governed by The Legal Deposit Libraries (Non-Print Works) Regulations (UK) and UK copyright law currently in force.</subfield>
            <subfield code="5">UkOxU</subfield>
        </datafield>
        <datafield tag="588" ind1=" " ind2=" ">
            <subfield code="a">Description based on print version record.</subfield>
        </datafield>
        <datafield tag="500" ind1=" " ind2=" ">
            <subfield code="a">Academic</subfield>
        </datafield>
        <datafield tag="600" ind1="1" ind2="0">
            <subfield code="a">Tolkien, J. R. R.</subfield>
            <subfield code="q">(John Ronald Reuel),</subfield>
            <subfield code="d">1892-1973.</subfield>
            <subfield code="t">Lord of the rings.</subfield>
        </datafield>
        <datafield tag="600" ind1="1" ind2="0">
            <subfield code="a">Tolkien, J. R. R.</subfield>
            <subfield code="q">(John Ronald Reuel),</subfield>
            <subfield code="d">1892-1973.</subfield>
            <subfield code="t">Hobbit.</subfield>
        </datafield>
        <datafield tag="600" ind1="1" ind2="0">
            <subfield code="a">Tolkien, J. R. R.</subfield>
            <subfield code="q">(John Ronald Reuel),</subfield>
            <subfield code="d">1892-1973</subfield>
            <subfield code="x">Influence.</subfield>
        </datafield>
        <datafield tag="600" ind1="1" ind2="0">
            <subfield code="a">Tolkien, J. R. R.</subfield>
            <subfield code="q">(John Ronald Reuel),</subfield>
            <subfield code="d">1892-1973</subfield>
            <subfield code="x">Appreciation.</subfield>
        </datafield>
        <datafield tag="600" ind1="1" ind2="7">
            <subfield code="a">Tolkien, J. R. R.</subfield>
            <subfield code="q">(John Ronald Reuel),</subfield>
            <subfield code="d">1892-1973</subfield>
            <subfield code="2">fast</subfield>
            <subfield code="0">(OCoLC)fst00030031</subfield>
        </datafield>
        <datafield tag="630" ind1="0" ind2="0">
            <subfield code="a">Lord of the rings, the fellowship of the ring (Motion picture)</subfield>
        </datafield>
        <datafield tag="630" ind1="0" ind2="0">
            <subfield code="a">Lord of the rings, the two towers (Motion picture)</subfield>
        </datafield>
        <datafield tag="630" ind1="0" ind2="0">
            <subfield code="a">Lord of the rings, the return of the king (Motion picture)</subfield>
        </datafield>
        <datafield tag="630" ind1="0" ind2="0">
            <subfield code="a">Hobbit, an unexpected journey (Motion picture)</subfield>
        </datafield>
        <datafield tag="630" ind1="0" ind2="0">
            <subfield code="a">Hobbit, the desolation of Smaug (Motion picture)</subfield>
        </datafield>
        <datafield tag="630" ind1="0" ind2="0">
            <subfield code="a">Hobbit, the battle of the five armies (Motion picture)</subfield>
        </datafield>
        <datafield tag="630" ind1="0" ind2="7">
            <subfield code="a">Lord of the rings (Tolkien, J.R.R.)</subfield>
            <subfield code="2">fast</subfield>
            <subfield code="0">(OCoLC)fst01356106</subfield>
        </datafield>
        <datafield tag="650" ind1=" " ind2="0">
            <subfield code="a">Lord of the Rings films</subfield>
            <subfield code="x">History and criticism.</subfield>
        </datafield>
        <datafield tag="650" ind1=" " ind2="0">
            <subfield code="a">Lord of the Rings films</subfield>
            <subfield code="x">Social aspects.</subfield>
        </datafield>
        <datafield tag="650" ind1=" " ind2="0">
            <subfield code="a">Fans (Persons)</subfield>
        </datafield>
        <datafield tag="650" ind1=" " ind2="0">
            <subfield code="a">Popular culture.</subfield>
        </datafield>
        <datafield tag="650" ind1=" " ind2="7">
            <subfield code="a">Art appreciation.</subfield>
            <subfield code="2">fast</subfield>
            <subfield code="0">(OCoLC)fst00815447</subfield>
        </datafield>
        <datafield tag="650" ind1=" " ind2="7">
            <subfield code="a">Fans (Persons)</subfield>
            <subfield code="2">fast</subfield>
            <subfield code="0">(OCoLC)fst00920677</subfield>
        </datafield>
        <datafield tag="650" ind1=" " ind2="7">
            <subfield code="a">Lord of the Rings films.</subfield>
            <subfield code="2">fast</subfield>
            <subfield code="0">(OCoLC)fst01202341</subfield>
        </datafield>
        <datafield tag="650" ind1=" " ind2="7">
            <subfield code="a">Popular culture.</subfield>
            <subfield code="2">fast</subfield>
            <subfield code="0">(OCoLC)fst01071344</subfield>
        </datafield>
        <datafield tag="650" ind1=" " ind2="7">
            <subfield code="a">PERFORMING ARTS / Reference</subfield>
            <subfield code="2">bisacsh</subfield>
        </datafield>
        <datafield tag="650" ind1=" " ind2="4">
            <subfield code="a">Lord of the Rings films - Social aspects.</subfield>
        </datafield>
        <datafield tag="655" ind1=" " ind2="7">
            <subfield code="a">Criticism, interpretation, etc.</subfield>
            <subfield code="2">fast</subfield>
            <subfield code="0">(OCoLC)fst01411635</subfield>
        </datafield>
        <datafield tag="655" ind1=" " ind2="7">
            <subfield code="a">Electronic books.</subfield>
            <subfield code="2">local</subfield>
        </datafield>
        <datafield tag="655" ind1=" " ind2="4">
            <subfield code="a">Electronic books.</subfield>
        </datafield>
        <datafield tag="700" ind1="1" ind2=" ">
            <subfield code="a">Piatti-Farnell, Lorna,</subfield>
            <subfield code="d">1980-</subfield>
            <subfield code="e">editor.</subfield>
        </datafield>
        <datafield tag="830" ind1=" " ind2="0">
            <subfield code="a">Fan phenomena.</subfield>
        </datafield>
        <datafield tag="859" ind1=" " ind2=" ">
            <subfield code="a">ELD</subfield>
            <subfield code="b">ebook</subfield>
        </datafield>
        <datafield tag="876" ind1=" " ind2=" ">
            <subfield code="0">ark:/81055/vdc_100036208661.0x000001</subfield>
            <subfield code="a">ark:/81055/vdc_100036207332.0x000001</subfield>
        </datafield>
    </record>