
    <record>
        <leader>03652ncm a2200613 i 4500</leader>
        <controlfield tag="001">020911040</controlfield>
        <controlfield tag="003">UkOxU</controlfield>
        <controlfield tag="005">20210824084903.0</controlfield>
        <controlfield tag="006">j|||||||||||||| | </controlfield>
        <controlfield tag="007">sd ||||||m||||</controlfield>
        <controlfield tag="008">170627s2017    enkzza         n    zxx d</controlfield>
        <datafield tag="020" ind1=" " ind2=" ">
            <subfield code="a">9780857366139</subfield>
        </datafield>
        <datafield tag="028" ind1="3" ind2="2">
            <subfield code="a">TCL 016737</subfield>
            <subfield code="b">Trinity College London</subfield>
        </datafield>
        <datafield tag="035" ind1=" " ind2=" ">
            <subfield code="a">(StEdALDL)1/3582795</subfield>
        </datafield>
        <datafield tag="040" ind1=" " ind2=" ">
            <subfield code="a">StEdALDL</subfield>
            <subfield code="b">eng</subfield>
            <subfield code="e">rda</subfield>
            <subfield code="c">StEdALDL</subfield>
            <subfield code="d">UkOxU</subfield>
        </datafield>
        <datafield tag="049" ind1=" " ind2=" ">
            <subfield code="a">CROBAR</subfield>
        </datafield>
        <datafield tag="245" ind1="0" ind2="0">
            <subfield code="a">Grade 06 piano :</subfield>
            <subfield code="b">pieces &amp; exercises for Trinity College London exams 2018-2020.</subfield>
        </datafield>
        <datafield tag="246" ind1="3" ind2="8">
            <subfield code="a">Piano grade 06</subfield>
        </datafield>
        <datafield tag="264" ind1=" " ind2="1">
            <subfield code="a">London :</subfield>
            <subfield code="b">Trinity College London Press,</subfield>
            <subfield code="c">2017</subfield>
        </datafield>
        <datafield tag="264" ind1=" " ind2="4">
            <subfield code="c">©2017</subfield>
        </datafield>
        <datafield tag="300" ind1=" " ind2=" ">
            <subfield code="a">1 score (30 pages) ;</subfield>
            <subfield code="c">31 cm +</subfield>
            <subfield code="e">1 audio disc</subfield>
        </datafield>
        <datafield tag="336" ind1=" " ind2=" ">
            <subfield code="a">notated music</subfield>
            <subfield code="2">rdacontent</subfield>
        </datafield>
        <datafield tag="336" ind1=" " ind2=" ">
            <subfield code="a">performed music</subfield>
            <subfield code="2">rdacontent</subfield>
        </datafield>
        <datafield tag="337" ind1=" " ind2=" ">
            <subfield code="a">unmediated</subfield>
            <subfield code="2">rdamedia</subfield>
        </datafield>
        <datafield tag="337" ind1=" " ind2=" ">
            <subfield code="a">audio</subfield>
            <subfield code="2">rdamedia</subfield>
        </datafield>
        <datafield tag="338" ind1=" " ind2=" ">
            <subfield code="a">volume</subfield>
            <subfield code="2">rdacarrier</subfield>
        </datafield>
        <datafield tag="338" ind1=" " ind2=" ">
            <subfield code="a">audio disc</subfield>
            <subfield code="2">rdacarrier</subfield>
        </datafield>
        <datafield tag="382" ind1="0" ind2="1">
            <subfield code="a">piano</subfield>
            <subfield code="n">1</subfield>
            <subfield code="s">1</subfield>
            <subfield code="2">lcmpt</subfield>
        </datafield>
        <datafield tag="500" ind1=" " ind2=" ">
            <subfield code="a">9 pieces and a set of technical exercises from the Trinity College London examination syllabus for grade 6 piano.</subfield>
        </datafield>
        <datafield tag="546" ind1=" " ind2=" ">
            <subfield code="b">Staff notation.</subfield>
        </datafield>
        <datafield tag="500" ind1=" " ind2=" ">
            <subfield code="a">Spine title: Piano grade 06.</subfield>
        </datafield>
        <datafield tag="500" ind1=" " ind2=" ">
            <subfield code="a">CD contains demonstration tracks of all 19 pieces and 6 exercises on the syllabus performed by Yulia Chaplina, Linda Nottingham and Peter Wild.</subfield>
        </datafield>
        <datafield tag="500" ind1=" " ind2=" ">
            <subfield code="a">Includes teaching notes on all the pieces by Graham Fitch.</subfield>
        </datafield>
        <datafield tag="505" ind1="0" ind2=" ">
            <subfield code="a">Coranto : no. 218 from Fitzwilliam virginal book / Byrd -- Prelude in D minor, BWV 935 / J.S. Bach -- Sonatina in E flat / Benda -- Giga in A minor / Jones -- Arabesque, op. 6 no. 4 / Karganov -- Progression I / Schmitz -- Weaving a spell / Ramskill --- Mazurka / Béra-Tagrine -- In dreams : from The Lord of the rings: The fellowship of the ring / Walsh/Shore ; arr. Podgornov.</subfield>
        </datafield>
        <datafield tag="505" ind1="0" ind2=" ">
            <subfield code="a">Additional pieces on the CD: Solo per il cembalo : BWV Anh 129 / C.P.E. Bach -- Allegro : (1st movt from Sonata no. 3 in B flat major / Dušek -- Scherzo in B flat major, D 593 no. 1 / Schubert -- Allegro : from Fantasia no. 1 in D major / Telemann -- Vals sentimental, DLR VII:8.7 / Granados -- Nemi lounge / Kallmeyer -- Cortège de sauterelles = March of the grasshoppers / Prokofiev -- Raining cats and dogs / Pütz -- Versöhnung = Reconciliation : (no. 20 from 'Aus der Jugendzeit' op. 17) / Reger -- Gymnopédie no. 3 / Satie.</subfield>
        </datafield>
        <datafield tag="650" ind1=" " ind2="0">
            <subfield code="a">Piano music.</subfield>
        </datafield>
        <datafield tag="610" ind1="2" ind2="0">
            <subfield code="a">Trinity College London (approximately 1980- )</subfield>
            <subfield code="x">Examinations.</subfield>
        </datafield>
        <datafield tag="650" ind1=" " ind2="0">
            <subfield code="a">Piano</subfield>
            <subfield code="z">Great Britain</subfield>
            <subfield code="x">Examinations, questions, etc.</subfield>
        </datafield>
        <datafield tag="710" ind1="2" ind2=" ">
            <subfield code="a">Trinity College London (approximately 1980- ),</subfield>
            <subfield code="e">issuing body.</subfield>
        </datafield>
        <datafield tag="700" ind1="1" ind2="2">
            <subfield code="a">Byrd, William,</subfield>
            <subfield code="d">1539 or 1540-1623.</subfield>
            <subfield code="t">French coranto,</subfield>
            <subfield code="n">no. 1.</subfield>
        </datafield>
        <datafield tag="700" ind1="1" ind2="2">
            <subfield code="a">Bach, Johann Sebastian,</subfield>
            <subfield code="d">1685-1750.</subfield>
            <subfield code="t">Kleine Präludien,</subfield>
            <subfield code="n">BWV 933-938.</subfield>
            <subfield code="n">BWV 935.</subfield>
        </datafield>
        <datafield tag="700" ind1="1" ind2="2">
            <subfield code="a">Benda, Georg,</subfield>
            <subfield code="d">1722-1795.</subfield>
            <subfield code="t">Sonatas,</subfield>
            <subfield code="m">keyboard instrument,</subfield>
            <subfield code="n">no. 13,</subfield>
            <subfield code="r">E♭ major.</subfield>
        </datafield>
        <datafield tag="700" ind1="1" ind2="2">
            <subfield code="a">Jones, Richard,</subfield>
            <subfield code="d">-1744.</subfield>
            <subfield code="t">Giga,</subfield>
            <subfield code="m">keyboard instrument,</subfield>
            <subfield code="r">A minor.</subfield>
        </datafield>
        <datafield tag="700" ind1="1" ind2="2">
            <subfield code="a">Korganov, G. O.</subfield>
            <subfield code="q">(Genariĭ Osipovich),</subfield>
            <subfield code="d">1858-1890.</subfield>
            <subfield code="t">Arabesque,</subfield>
            <subfield code="m">piano,</subfield>
            <subfield code="n">op. 6 no. 4.</subfield>
        </datafield>
        <datafield tag="700" ind1="1" ind2="2">
            <subfield code="a">Schmitz, Manfred,</subfield>
            <subfield code="d">1939-2014.</subfield>
            <subfield code="t">Progression.</subfield>
            <subfield code="n">1.</subfield>
        </datafield>
        <datafield tag="700" ind1="1" ind2="2">
            <subfield code="a">Ramskill, Robert.</subfield>
            <subfield code="t">Weaving a spell.</subfield>
        </datafield>
        <datafield tag="700" ind1="1" ind2="2">
            <subfield code="a">Béra-Tagrine, Nathalie.</subfield>
            <subfield code="t">Mazurka,</subfield>
            <subfield code="m">piano.</subfield>
        </datafield>
        <datafield tag="700" ind1="1" ind2="2">
            <subfield code="a">Shore, Howard.</subfield>
            <subfield code="t">Lord of the rings, the fellowship of the ring.</subfield>
            <subfield code="p">In dreams;</subfield>
            <subfield code="o">arranged.</subfield>
        </datafield>
        <datafield tag="700" ind1="1" ind2=" ">
            <subfield code="a">Walsh, Fran,</subfield>
            <subfield code="d">1959-</subfield>
            <subfield code="e">composer.</subfield>
        </datafield>
        <datafield tag="700" ind1="1" ind2=" ">
            <subfield code="a">Fitch, Graham</subfield>
            <subfield code="c">(Pianist),</subfield>
            <subfield code="e">writer of supplementary textual content.</subfield>
        </datafield>
        <datafield tag="700" ind1="1" ind2=" ">
            <subfield code="a">Chaplina, Yulia,</subfield>
            <subfield code="d">1987-</subfield>
            <subfield code="e">instrumentalist.</subfield>
        </datafield>
        <datafield tag="700" ind1="1" ind2=" ">
            <subfield code="a">Nottingham, Linda,</subfield>
            <subfield code="e">instrumentalist.</subfield>
        </datafield>
        <datafield tag="700" ind1="1" ind2=" ">
            <subfield code="a">Wild, Peter</subfield>
            <subfield code="c">(Pianist),</subfield>
            <subfield code="e">instrumentalist.</subfield>
        </datafield>
        <datafield tag="852" ind1="8" ind2=" ">
            <subfield code="a">UkOxU</subfield>
            <subfield code="b">BODBL</subfield>
            <subfield code="h">MusX. 2017 c.21</subfield>
            <subfield code="m">(14)</subfield>
        </datafield>
    </record>