
    <record>
        <leader>05548pam a2200673 i 4500</leader>
        <controlfield tag="001">020966567</controlfield>
        <controlfield tag="003">UkOxU</controlfield>
        <controlfield tag="005">20171025131338.0</controlfield>
        <controlfield tag="008">031124t20052005cau      b    000 0 eng d</controlfield>
        <datafield tag="010" ind1=" " ind2=" ">
            <subfield code="a">2003115832</subfield>
        </datafield>
        <datafield tag="020" ind1=" " ind2=" ">
            <subfield code="a">1586170252</subfield>
            <subfield code="q">paperback</subfield>
        </datafield>
        <datafield tag="020" ind1=" " ind2=" ">
            <subfield code="a">9781586170257</subfield>
            <subfield code="q">paperback</subfield>
        </datafield>
        <datafield tag="024" ind1="3" ind2=" ">
            <subfield code="a">9781586170257</subfield>
        </datafield>
        <datafield tag="035" ind1=" " ind2=" ">
            <subfield code="a">(OCoLC)62382479</subfield>
        </datafield>
        <datafield tag="040" ind1=" " ind2=" ">
            <subfield code="a">STU</subfield>
            <subfield code="b">eng</subfield>
            <subfield code="e">rda</subfield>
            <subfield code="c">DLC</subfield>
            <subfield code="d">STU</subfield>
            <subfield code="d">VFY</subfield>
            <subfield code="d">BAKER</subfield>
            <subfield code="d">IQU</subfield>
            <subfield code="d">YDXCP</subfield>
            <subfield code="d">BTCTA</subfield>
            <subfield code="d">OCLCG</subfield>
            <subfield code="d">CDX</subfield>
            <subfield code="d">GEBAY</subfield>
            <subfield code="d">BDX</subfield>
            <subfield code="d">HNW</subfield>
            <subfield code="d">A7U</subfield>
            <subfield code="d">OCLCO</subfield>
            <subfield code="d">OCLCA</subfield>
            <subfield code="d">P4I</subfield>
            <subfield code="d">OCLCF</subfield>
            <subfield code="d">OCLCO</subfield>
            <subfield code="d">OCLCQ</subfield>
            <subfield code="d">RCT</subfield>
            <subfield code="d">OCL</subfield>
            <subfield code="d">OCLCO</subfield>
            <subfield code="d">ORX</subfield>
            <subfield code="d">OCLCO</subfield>
            <subfield code="d">OCL</subfield>
            <subfield code="d">OCLCQ</subfield>
            <subfield code="d">OCLCO</subfield>
            <subfield code="d">UkOxU</subfield>
        </datafield>
        <datafield tag="042" ind1=" " ind2=" ">
            <subfield code="a">lccopycat</subfield>
        </datafield>
        <datafield tag="043" ind1=" " ind2=" ">
            <subfield code="a">e-uk-en</subfield>
        </datafield>
        <datafield tag="050" ind1="0" ind2="0">
            <subfield code="a">PR6039.O32</subfield>
            <subfield code="b">L6347 2005</subfield>
        </datafield>
        <datafield tag="082" ind1="0" ind2="0">
            <subfield code="a">823/.912</subfield>
            <subfield code="2">23</subfield>
        </datafield>
        <datafield tag="100" ind1="1" ind2=" ">
            <subfield code="a">Kreeft, Peter,</subfield>
            <subfield code="e">author.</subfield>
        </datafield>
        <datafield tag="245" ind1="1" ind2="4">
            <subfield code="a">The philosophy of Tolkien :</subfield>
            <subfield code="b">the worldview behind The lord of the rings /</subfield>
            <subfield code="c">Peter Kreeft.</subfield>
        </datafield>
        <datafield tag="246" ind1="3" ind2="0">
            <subfield code="a">Worldview behind The lord of the rings</subfield>
        </datafield>
        <datafield tag="264" ind1=" " ind2="1">
            <subfield code="a">San Francisco :</subfield>
            <subfield code="b">Ignatius Press,</subfield>
            <subfield code="c">2005.</subfield>
        </datafield>
        <datafield tag="264" ind1=" " ind2="4">
            <subfield code="c">©2005</subfield>
        </datafield>
        <datafield tag="300" ind1=" " ind2=" ">
            <subfield code="a">237 pages ;</subfield>
            <subfield code="c">21 cm</subfield>
        </datafield>
        <datafield tag="336" ind1=" " ind2=" ">
            <subfield code="a">text</subfield>
            <subfield code="b">txt</subfield>
            <subfield code="2">rdacontent</subfield>
        </datafield>
        <datafield tag="336" ind1=" " ind2=" ">
            <subfield code="a">text</subfield>
            <subfield code="2">rdacontent</subfield>
        </datafield>
        <datafield tag="337" ind1=" " ind2=" ">
            <subfield code="a">unmediated</subfield>
            <subfield code="b">n</subfield>
            <subfield code="2">rdamedia</subfield>
        </datafield>
        <datafield tag="337" ind1=" " ind2=" ">
            <subfield code="a">unmediated</subfield>
            <subfield code="2">rdamedia</subfield>
        </datafield>
        <datafield tag="338" ind1=" " ind2=" ">
            <subfield code="a">volume</subfield>
            <subfield code="b">nc</subfield>
            <subfield code="2">rdacarrier</subfield>
        </datafield>
        <datafield tag="338" ind1=" " ind2=" ">
            <subfield code="a">volume</subfield>
            <subfield code="2">rdacarrier</subfield>
        </datafield>
        <datafield tag="504" ind1=" " ind2=" ">
            <subfield code="a">&quot;A concordance: references for the philosophy of Tolkien&quot;: pages 229-237.</subfield>
        </datafield>
        <datafield tag="504" ind1=" " ind2=" ">
            <subfield code="a">Includes bibliographical references (pages 227-228).</subfield>
        </datafield>
        <datafield tag="505" ind1="0" ind2=" ">
            <subfield code="a">Metaphysics. How big is reality? ; Is the supernatural real? ; Are Platonic ideas real? -- Philosophical theology. Does God exist? ; Is life subject to divine providence? ; Are we both fated and free? ; Can we relate to God by &quot;religion&quot;? -- Angelology. Are angels real? ; Do we have guardian angels? ; Could there be creatures between men and angels, such as elves? -- Cosmology. Is nature really beautiful? ; Do things have personalities? ; Is there real magic? -- Anthropology. Is death good or bad? ; Is romance more thrilling than sex? ; Why do humans have identity crises? ; What do we most deeply desire? -- Epistemology. Is knowledge always good? ; Is intuition a form of knowledge? ; Is faith (trust) wisdom or ignorance? ; What is truth? -- Philosophy of history. Is history a story? ; Is the past (tradition) a prison or a lighthouse? ; Is history predictable? ; Is there devolution as well as evolution? ; Is human life a tragedy or a comedy? -- Aesthetics. Why do we no longer love glory or splendor? ; Is beauty always good? -- Philosophy of language. How can words be alive? ; The metaphysics of words : can words have real power? ; Are there right and wrong words? ; Is there an original, universal, natural language? ; Why is music so powerful? -- Political philosophy. Is small beautiful? ; Can war be noble? -- Ethics : the war of good and evil. Is evil real? ; How powerful is evil? ; How weak is evil? ; How does evil work? -- Ethics : the &quot;hard&quot; virtues. Do principles or consequences make an act good? ; Why must we be heroes? ; Can one go on without hope? ; Is authority oppressive and obedience demeaning? ; Are promises sacred? -- Ethics : the &quot;soft&quot; virtues. What is the power of friendship? ; Is humility humiliating? ; What should you give away? ; Does mercy trump justice? ; Is charity a waste? -- Conclusion. Can any one man incarnate every truth and virtue?</subfield>
        </datafield>
        <datafield tag="520" ind1="1" ind2=" ">
            <subfield code="a">&quot;Peter Kreeft takes the reader on a voyage of discovery into the philosophical bones of Middle earth. Like a good concordance, this book organizes the philosophical themes in The Lord of the Rings into 50 categories, accompanied by over 1,000 references to the text.&quot; &quot;Since many of the great questions of philosophy are included in the 50-theme outline, this book can also be read as an introduction to philosophy. For each of the philosophical topics in The Lord of the Rings, Kreeft presents four tools by which they can be understood: an explanation of a key question; a key quotation showing Tolkien's answer; quotes from other writings of Tolkien that clarify the theme; and quotes from his close friend C.S. Lewis, which state the same philosophical points directly.&quot;--</subfield>
            <subfield code="c">Provided by publisher.</subfield>
        </datafield>
        <datafield tag="600" ind1="1" ind2="0">
            <subfield code="a">Tolkien, J. R. R.</subfield>
            <subfield code="q">(John Ronald Reuel),</subfield>
            <subfield code="d">1892-1973.</subfield>
            <subfield code="t">Lord of the rings.</subfield>
        </datafield>
        <datafield tag="600" ind1="1" ind2="0">
            <subfield code="a">Tolkien, J. R. R.</subfield>
            <subfield code="q">(John Ronald Reuel),</subfield>
            <subfield code="d">1892-1973</subfield>
            <subfield code="x">Philosophy.</subfield>
        </datafield>
        <datafield tag="650" ind1=" " ind2="0">
            <subfield code="a">Christianity and literature</subfield>
            <subfield code="z">England</subfield>
            <subfield code="x">History</subfield>
            <subfield code="y">20th century.</subfield>
        </datafield>
        <datafield tag="650" ind1=" " ind2="0">
            <subfield code="a">Christian fiction, English</subfield>
            <subfield code="x">History and criticism.</subfield>
        </datafield>
        <datafield tag="650" ind1=" " ind2="0">
            <subfield code="a">Fantasy fiction, English</subfield>
            <subfield code="x">History and criticism.</subfield>
        </datafield>
        <datafield tag="650" ind1=" " ind2="0">
            <subfield code="a">Middle Earth (Imaginary place)</subfield>
        </datafield>
        <datafield tag="650" ind1=" " ind2="0">
            <subfield code="a">Theology in literature.</subfield>
        </datafield>
        <datafield tag="650" ind1=" " ind2="0">
            <subfield code="a">God in literature.</subfield>
        </datafield>
        <datafield tag="600" ind1="1" ind2="7">
            <subfield code="a">Tolkien, J. R. R.</subfield>
            <subfield code="q">(John Ronald Reuel),</subfield>
            <subfield code="d">1892-1973</subfield>
            <subfield code="2">fast</subfield>
            <subfield code="0">(OCoLC)fst00030031</subfield>
        </datafield>
        <datafield tag="630" ind1="0" ind2="7">
            <subfield code="a">Lord of the rings (Tolkien, J.R.R.)</subfield>
            <subfield code="2">fast</subfield>
            <subfield code="0">(OCoLC)fst01356106</subfield>
        </datafield>
        <datafield tag="650" ind1=" " ind2="7">
            <subfield code="a">Christian fiction, English.</subfield>
            <subfield code="2">fast</subfield>
            <subfield code="0">(OCoLC)fst00859142</subfield>
        </datafield>
        <datafield tag="650" ind1=" " ind2="7">
            <subfield code="a">Christianity and literature.</subfield>
            <subfield code="2">fast</subfield>
            <subfield code="0">(OCoLC)fst00859681</subfield>
        </datafield>
        <datafield tag="650" ind1=" " ind2="7">
            <subfield code="a">Fantasy fiction, English.</subfield>
            <subfield code="2">fast</subfield>
            <subfield code="0">(OCoLC)fst00920756</subfield>
        </datafield>
        <datafield tag="650" ind1=" " ind2="7">
            <subfield code="a">God in literature.</subfield>
            <subfield code="2">fast</subfield>
            <subfield code="0">(OCoLC)fst00944174</subfield>
        </datafield>
        <datafield tag="650" ind1=" " ind2="7">
            <subfield code="a">Middle Earth (Imaginary place)</subfield>
            <subfield code="2">fast</subfield>
            <subfield code="0">(OCoLC)fst01020337</subfield>
        </datafield>
        <datafield tag="650" ind1=" " ind2="7">
            <subfield code="a">Philosophy.</subfield>
            <subfield code="2">fast</subfield>
            <subfield code="0">(OCoLC)fst01060777</subfield>
        </datafield>
        <datafield tag="650" ind1=" " ind2="7">
            <subfield code="a">Theology in literature.</subfield>
            <subfield code="2">fast</subfield>
            <subfield code="0">(OCoLC)fst01149615</subfield>
        </datafield>
        <datafield tag="651" ind1=" " ind2="7">
            <subfield code="a">England.</subfield>
            <subfield code="2">fast</subfield>
            <subfield code="0">(OCoLC)fst01219920</subfield>
        </datafield>
        <datafield tag="600" ind1="1" ind2="7">
            <subfield code="a">Tolkien, John R. R.</subfield>
            <subfield code="t">Lord of the rings.</subfield>
            <subfield code="2">swd</subfield>
        </datafield>
        <datafield tag="650" ind1=" " ind2="7">
            <subfield code="a">Weltbild</subfield>
            <subfield code="2">gnd</subfield>
        </datafield>
        <datafield tag="648" ind1=" " ind2="7">
            <subfield code="a">1900-1999</subfield>
            <subfield code="2">fast</subfield>
        </datafield>
        <datafield tag="655" ind1=" " ind2="7">
            <subfield code="a">Criticism, interpretation, etc.</subfield>
            <subfield code="2">fast</subfield>
            <subfield code="0">(OCoLC)fst01411635</subfield>
        </datafield>
        <datafield tag="655" ind1=" " ind2="7">
            <subfield code="a">History.</subfield>
            <subfield code="2">fast</subfield>
            <subfield code="0">(OCoLC)fst01411628</subfield>
        </datafield>
        <datafield tag="852" ind1="8" ind2=" ">
            <subfield code="a">UkOxU</subfield>
            <subfield code="b">PTFBL</subfield>
            <subfield code="c">PTFFF</subfield>
            <subfield code="h">PR6039.O32 L6347</subfield>
            <subfield code="i">KRE 2005</subfield>
        </datafield>
    </record>