
    <record>
        <leader>02406aam a2200541 a 4500</leader>
        <controlfield tag="001">021085417</controlfield>
        <controlfield tag="003">UkOxU</controlfield>
        <controlfield tag="005">20190814174008.0</controlfield>
        <controlfield tag="006">m    ||  d |      </controlfield>
        <controlfield tag="007">cr |||||||||||</controlfield>
        <controlfield tag="008">130107r20121968enkb    o     001 1 eng d</controlfield>
        <datafield tag="015" ind1=" " ind2=" ">
            <subfield code="a">GBB811803</subfield>
            <subfield code="2">bnb</subfield>
        </datafield>
        <datafield tag="020" ind1=" " ind2=" ">
            <subfield code="a">9780007322596</subfield>
            <subfield code="q">(ePub ebook)</subfield>
        </datafield>
        <datafield tag="020" ind1=" " ind2=" ">
            <subfield code="a">0007322593</subfield>
            <subfield code="q">(ePub ebook)</subfield>
        </datafield>
        <datafield tag="020" ind1=" " ind2=" ">
            <subfield code="z">9780261103252</subfield>
            <subfield code="q">(paperback)</subfield>
        </datafield>
        <datafield tag="035" ind1=" " ind2=" ">
            <subfield code="a">(Uk)018671667</subfield>
        </datafield>
        <datafield tag="037" ind1=" " ind2=" ">
            <subfield code="a">9780007322596</subfield>
            <subfield code="b">HarperCollins Publishers Ltd</subfield>
        </datafield>
        <datafield tag="040" ind1=" " ind2=" ">
            <subfield code="a">Uk</subfield>
            <subfield code="b">eng</subfield>
            <subfield code="c">Uk</subfield>
        </datafield>
        <datafield tag="042" ind1=" " ind2=" ">
            <subfield code="a">ukblsr</subfield>
        </datafield>
        <datafield tag="082" ind1="0" ind2="4">
            <subfield code="a">823.912</subfield>
            <subfield code="2">23</subfield>
        </datafield>
        <datafield tag="100" ind1="1" ind2=" ">
            <subfield code="a">Tolkien, J. R. R.</subfield>
            <subfield code="q">(John Ronald Reuel),</subfield>
            <subfield code="d">1892-1973,</subfield>
            <subfield code="e">author.</subfield>
        </datafield>
        <datafield tag="245" ind1="1" ind2="4">
            <subfield code="a">The lord of the rings /</subfield>
            <subfield code="c">by J.R.R. Tolkien.</subfield>
        </datafield>
        <datafield tag="264" ind1=" " ind2="1">
            <subfield code="a">London :</subfield>
            <subfield code="b">HaperCollins Publishers,</subfield>
            <subfield code="c">[2012].</subfield>
        </datafield>
        <datafield tag="300" ind1=" " ind2=" ">
            <subfield code="a">1 online resource :</subfield>
            <subfield code="b">maps.</subfield>
        </datafield>
        <datafield tag="336" ind1=" " ind2=" ">
            <subfield code="a">text</subfield>
            <subfield code="2">rdacontent</subfield>
        </datafield>
        <datafield tag="337" ind1=" " ind2=" ">
            <subfield code="a">computer</subfield>
            <subfield code="2">rdamedia</subfield>
        </datafield>
        <datafield tag="338" ind1=" " ind2=" ">
            <subfield code="a">online resource</subfield>
            <subfield code="2">rdacarrier</subfield>
        </datafield>
        <datafield tag="500" ind1=" " ind2=" ">
            <subfield code="a">Includes index.</subfield>
        </datafield>
        <datafield tag="500" ind1=" " ind2=" ">
            <subfield code="a">Originally published in one volume: London : George Allen &amp; Unwin, 1968.</subfield>
        </datafield>
        <datafield tag="500" ind1=" " ind2=" ">
            <subfield code="a">Electronic book.</subfield>
        </datafield>
        <datafield tag="506" ind1="1" ind2=" ">
            <subfield code="a">Legal Deposit;</subfield>
            <subfield code="c">Only available on premises controlled by the deposit library and to one user at any one time;</subfield>
            <subfield code="e">The Legal Deposit Libraries (Non-Print Works) Regulations (UK).</subfield>
            <subfield code="5">UkOxU</subfield>
        </datafield>
        <datafield tag="540" ind1=" " ind2=" ">
            <subfield code="a">Restricted: Printing from this resource is governed by The Legal Deposit Libraries (Non-Print Works) Regulations (UK) and UK copyright law currently in force.</subfield>
            <subfield code="5">UkOxU</subfield>
        </datafield>
        <datafield tag="500" ind1=" " ind2=" ">
            <subfield code="a">Academic</subfield>
        </datafield>
        <datafield tag="600" ind1="1" ind2="0">
            <subfield code="a">Baggins, Frodo</subfield>
            <subfield code="v">Fiction.</subfield>
        </datafield>
        <datafield tag="600" ind1="1" ind2="7">
            <subfield code="a">Baggins, Frodo</subfield>
            <subfield code="2">fast</subfield>
            <subfield code="0">(OCoLC)fst00825395</subfield>
        </datafield>
        <datafield tag="650" ind1=" " ind2="7">
            <subfield code="a">Fiction and related items / Fantasy.</subfield>
            <subfield code="2">bicssc</subfield>
        </datafield>
        <datafield tag="650" ind1=" " ind2="7">
            <subfield code="a">Fantasy fiction, English.</subfield>
            <subfield code="2">fast</subfield>
            <subfield code="0">(OCoLC)fst00920756</subfield>
        </datafield>
        <datafield tag="650" ind1=" " ind2="7">
            <subfield code="a">Middle Earth (Imaginary place)</subfield>
            <subfield code="2">fast</subfield>
            <subfield code="0">(OCoLC)fst01020337</subfield>
        </datafield>
        <datafield tag="650" ind1=" " ind2="7">
            <subfield code="a">Fiction and related items / Myth and legend told as fiction.</subfield>
            <subfield code="2">bicssc</subfield>
        </datafield>
        <datafield tag="650" ind1=" " ind2="7">
            <subfield code="a">FICTION</subfield>
            <subfield code="x">Fairy Tales, Folk Tales, Legends &amp; Mythology.</subfield>
            <subfield code="2">bisacsh</subfield>
        </datafield>
        <datafield tag="650" ind1=" " ind2="7">
            <subfield code="a">Fiction</subfield>
            <subfield code="x">Fantasy</subfield>
            <subfield code="x">Epic.</subfield>
            <subfield code="2">bisacsh</subfield>
        </datafield>
        <datafield tag="650" ind1=" " ind2="0">
            <subfield code="a">Middle Earth (Imaginary place)</subfield>
            <subfield code="v">Fiction.</subfield>
        </datafield>
        <datafield tag="650" ind1=" " ind2="0">
            <subfield code="a">Fantasy fiction, English.</subfield>
        </datafield>
        <datafield tag="655" ind1=" " ind2="4">
            <subfield code="a">Electronic books.</subfield>
        </datafield>
        <datafield tag="655" ind1=" " ind2="7">
            <subfield code="a">Fiction.</subfield>
            <subfield code="2">fast</subfield>
            <subfield code="0">(OCoLC)fst01423787</subfield>
        </datafield>
        <datafield tag="859" ind1=" " ind2=" ">
            <subfield code="a">ELD</subfield>
            <subfield code="b">ebook</subfield>
        </datafield>
        <datafield tag="876" ind1=" " ind2=" ">
            <subfield code="0">ark:/81055/vdc_100053006998.0x000001</subfield>
            <subfield code="a">ark:/81055/vdc_100053006897.0x000001</subfield>
        </datafield>
        <datafield tag="884" ind1=" " ind2=" ">
            <subfield code="a">LDL ebooks ONIX to marcxml transformation using Record_Load-eBooks_Legal_Deposit_onix2marc_v2-1.xsl</subfield>
            <subfield code="g">20180103</subfield>
            <subfield code="k">9780007322596</subfield>
            <subfield code="q">Uk</subfield>
        </datafield>
    </record>