
    <record>
        <leader>02048ncm a22004333u 4500</leader>
        <controlfield tag="001">021369008</controlfield>
        <controlfield tag="003">UkOxU</controlfield>
        <controlfield tag="005">20190724181430.0</controlfield>
        <controlfield tag="006">m    ||  z |      </controlfield>
        <controlfield tag="007">cr |||||||||||</controlfield>
        <controlfield tag="008">181201t20182001enk|||| o||||||n  |      </controlfield>
        <datafield tag="020" ind1=" " ind2=" ">
            <subfield code="z">0571528260</subfield>
        </datafield>
        <datafield tag="028" ind1="3" ind2="2">
            <subfield code="a">1723</subfield>
            <subfield code="b">Faber Music</subfield>
            <subfield code="q">(Engraving ID)</subfield>
        </datafield>
        <datafield tag="028" ind1="3" ind2="2">
            <subfield code="a">3439</subfield>
            <subfield code="b">Faber Music</subfield>
            <subfield code="q">(Song ID)</subfield>
        </datafield>
        <datafield tag="035" ind1=" " ind2=" ">
            <subfield code="a">(Uk)019149921</subfield>
        </datafield>
        <datafield tag="040" ind1=" " ind2=" ">
            <subfield code="a">Uk</subfield>
            <subfield code="b">eng</subfield>
            <subfield code="c">Uk</subfield>
        </datafield>
        <datafield tag="082" ind1="1" ind2="4">
            <subfield code="a">780</subfield>
            <subfield code="2">15</subfield>
        </datafield>
        <datafield tag="245" ind1="0" ind2="4">
            <subfield code="a">The Ring Goes South (from 'The Lord Of The Rings: The Fellowship Of The Ring') /</subfield>
            <subfield code="c">[Shore, Howard].</subfield>
        </datafield>
        <datafield tag="250" ind1=" " ind2=" ">
            <subfield code="a">Piano Solo.</subfield>
        </datafield>
        <datafield tag="264" ind1=" " ind2="1">
            <subfield code="a">[London] :</subfield>
            <subfield code="b">[Faber Music],</subfield>
            <subfield code="c">[2018?].</subfield>
        </datafield>
        <datafield tag="264" ind1=" " ind2="4">
            <subfield code="c">©2001</subfield>
        </datafield>
        <datafield tag="300" ind1=" " ind2=" ">
            <subfield code="a">1 online resource (1 score (2 pages)).</subfield>
        </datafield>
        <datafield tag="336" ind1=" " ind2=" ">
            <subfield code="a">notated music</subfield>
            <subfield code="2">rdacontent</subfield>
        </datafield>
        <datafield tag="337" ind1=" " ind2=" ">
            <subfield code="a">computer</subfield>
            <subfield code="2">rdamedia</subfield>
        </datafield>
        <datafield tag="338" ind1=" " ind2=" ">
            <subfield code="a">online resource</subfield>
            <subfield code="2">rdacarrier</subfield>
        </datafield>
        <datafield tag="382" ind1="0" ind2="1">
            <subfield code="a">Piano</subfield>
        </datafield>
        <datafield tag="384" ind1=" " ind2=" ">
            <subfield code="a">A</subfield>
        </datafield>
        <datafield tag="500" ind1=" " ind2=" ">
            <subfield code="a">Also published in: The Essential Film Collection. Publisher description: Sometimes pianists would love to play the 'pops' they enjoy, but finding quality arrangements that work for the instrument can be a real challenge. In this Essential Series, pianist Richard Harris takes classic film songs from across the decades and makes well-crafted and satisfying arrangements for intermediate pianists to enjoy.Easy Keyboard Library.</subfield>
        </datafield>
        <datafield tag="506" ind1="1" ind2=" ">
            <subfield code="a">Legal Deposit;</subfield>
            <subfield code="c">Only available on premises controlled by the deposit library and to one user at any one time;</subfield>
            <subfield code="e">The Legal Deposit Libraries (Non-Print Works) Regulations (UK).</subfield>
            <subfield code="5">UkOxU</subfield>
        </datafield>
        <datafield tag="540" ind1=" " ind2=" ">
            <subfield code="a">Restricted: Printing from this resource is governed by The Legal Deposit Libraries (Non-Print Works) Regulations (UK) and UK copyright law currently in force.</subfield>
            <subfield code="5">UkOxU</subfield>
        </datafield>
        <datafield tag="588" ind1=" " ind2=" ">
            <subfield code="a">Notated music.</subfield>
            <subfield code="2">lcgft</subfield>
        </datafield>
        <datafield tag="500" ind1=" " ind2=" ">
            <subfield code="a">Academic</subfield>
        </datafield>
        <datafield tag="655" ind1=" " ind2="4">
            <subfield code="a">Film.</subfield>
        </datafield>
        <datafield tag="655" ind1=" " ind2="4">
            <subfield code="a">Contemporary.</subfield>
        </datafield>
        <datafield tag="655" ind1=" " ind2="4">
            <subfield code="a">Instrumental.</subfield>
        </datafield>
        <datafield tag="720" ind1=" " ind2=" ">
            <subfield code="a">Shore, Howard</subfield>
        </datafield>
        <datafield tag="859" ind1=" " ind2=" ">
            <subfield code="a">ELD</subfield>
            <subfield code="b">escore</subfield>
        </datafield>
        <datafield tag="876" ind1=" " ind2=" ">
            <subfield code="0">ark:/81055/vdc_100072341947.0x000001</subfield>
            <subfield code="a">ark:/81055/vdc_100072341931.0x000001</subfield>
        </datafield>
        <datafield tag="884" ind1=" " ind2=" ">
            <subfield code="a">Faber Digital Score XML to MARC</subfield>
            <subfield code="g">30/11/2018 13:59:49</subfield>
            <subfield code="k">3439_1723</subfield>
            <subfield code="q">Uk</subfield>
        </datafield>
    </record>