
    <record>
        <leader>00903nam a2200241 i 4500</leader>
        <controlfield tag="001">021791494</controlfield>
        <controlfield tag="003">UkOxU</controlfield>
        <controlfield tag="005">20191029101345.0</controlfield>
        <controlfield tag="008">191021s1981    enkab         000 1 eng d</controlfield>
        <datafield tag="020" ind1=" " ind2=" ">
            <subfield code="a">0048231851</subfield>
            <subfield code="q">paperback</subfield>
        </datafield>
        <datafield tag="040" ind1=" " ind2=" ">
            <subfield code="a">UkOxU</subfield>
            <subfield code="b">eng</subfield>
            <subfield code="e">rda</subfield>
            <subfield code="c">UkOxU</subfield>
        </datafield>
        <datafield tag="100" ind1="1" ind2=" ">
            <subfield code="a">Tolkien, J. R. R.</subfield>
            <subfield code="q">(John Ronald Reuel),</subfield>
            <subfield code="d">1892-1973,</subfield>
            <subfield code="e">author.</subfield>
        </datafield>
        <datafield tag="245" ind1="1" ind2="4">
            <subfield code="a">The fellowship of the ring :</subfield>
            <subfield code="b">being the first part of The lord of the rings /</subfield>
            <subfield code="c">by J.R.R. Tolkien.</subfield>
        </datafield>
        <datafield tag="250" ind1=" " ind2=" ">
            <subfield code="a">Fourth edition.</subfield>
        </datafield>
        <datafield tag="264" ind1=" " ind2="1">
            <subfield code="a">London :</subfield>
            <subfield code="b">Unwin Paperbacks,</subfield>
            <subfield code="c">1981.</subfield>
        </datafield>
        <datafield tag="264" ind1=" " ind2="4">
            <subfield code="c">©1981</subfield>
        </datafield>
        <datafield tag="300" ind1=" " ind2=" ">
            <subfield code="a">529 pages, 5 unnumbered pages of plates :</subfield>
            <subfield code="b">illustrations, maps ;</subfield>
            <subfield code="c">18 cm</subfield>
        </datafield>
        <datafield tag="336" ind1=" " ind2=" ">
            <subfield code="a">text</subfield>
            <subfield code="2">rdacontent</subfield>
        </datafield>
        <datafield tag="337" ind1=" " ind2=" ">
            <subfield code="a">unmediated</subfield>
            <subfield code="2">rdamedia</subfield>
        </datafield>
        <datafield tag="338" ind1=" " ind2=" ">
            <subfield code="a">volume</subfield>
            <subfield code="2">rdacarrier</subfield>
        </datafield>
        <datafield tag="490" ind1="1" ind2=" ">
            <subfield code="a">Lord of the rings ;</subfield>
            <subfield code="v">part 1.</subfield>
        </datafield>
        <datafield tag="800" ind1="1" ind2=" ">
            <subfield code="a">Tolkien, J. R. R.</subfield>
            <subfield code="q">(John Ronald Reuel),</subfield>
            <subfield code="d">1892-1973.</subfield>
            <subfield code="t">Lord of the rings ;</subfield>
            <subfield code="v">pt. 1.</subfield>
        </datafield>
        <datafield tag="852" ind1="8" ind2=" ">
            <subfield code="a">UkOxU</subfield>
            <subfield code="b">SEHCL</subfield>
            <subfield code="h">S32 TOL:Lor (1)</subfield>
        </datafield>
    </record>