
    <record>
        <leader>01510nam a2200265 i 4500</leader>
        <controlfield tag="001">021834693</controlfield>
        <controlfield tag="003">UkOxU</controlfield>
        <controlfield tag="005">20210222095542.0</controlfield>
        <controlfield tag="008">191212s2018    enk           000 0 eng d</controlfield>
        <datafield tag="020" ind1=" " ind2=" ">
            <subfield code="a">1854760521</subfield>
            <subfield code="q">paperback</subfield>
        </datafield>
        <datafield tag="020" ind1=" " ind2=" ">
            <subfield code="a">185476053X</subfield>
            <subfield code="q">marbled paper covered boards</subfield>
        </datafield>
        <datafield tag="040" ind1=" " ind2=" ">
            <subfield code="a">UkOxU</subfield>
            <subfield code="b">eng</subfield>
            <subfield code="e">rda</subfield>
            <subfield code="c">UkOxU</subfield>
        </datafield>
        <datafield tag="042" ind1=" " ind2=" ">
            <subfield code="a">ukscp</subfield>
        </datafield>
        <datafield tag="100" ind1="1" ind2=" ">
            <subfield code="a">Unwin, Rayner,</subfield>
            <subfield code="e">author.</subfield>
        </datafield>
        <datafield tag="245" ind1="1" ind2="4">
            <subfield code="a">The making of the Lord of the Rings /</subfield>
            <subfield code="c">Rayner Unwin.</subfield>
        </datafield>
        <datafield tag="264" ind1=" " ind2="1">
            <subfield code="a">Faringdon, Oxfordshire :</subfield>
            <subfield code="b">Willem A Meeuws,</subfield>
            <subfield code="c">2018.</subfield>
        </datafield>
        <datafield tag="300" ind1=" " ind2=" ">
            <subfield code="a">8 unnumbered pages ;</subfield>
            <subfield code="c">21 cm</subfield>
        </datafield>
        <datafield tag="336" ind1=" " ind2=" ">
            <subfield code="a">text</subfield>
            <subfield code="2">rdacontent</subfield>
        </datafield>
        <datafield tag="337" ind1=" " ind2=" ">
            <subfield code="a">unmediated</subfield>
            <subfield code="2">rdamedia</subfield>
        </datafield>
        <datafield tag="338" ind1=" " ind2=" ">
            <subfield code="a">volume</subfield>
            <subfield code="2">rdacarrier</subfield>
        </datafield>
        <datafield tag="500" ind1=" " ind2=" ">
            <subfield code="a">&quot;112 copies printed in June 2018 In coloured covers and with some added bibliographical information A] 100 copies in stapled card covers numbered 1 - 100 ... B] 12 copies bound in Italian hand-made marbled paper covered boards and linen spine numbered I-XII&quot;--Inside front cover.</subfield>
        </datafield>
        <datafield tag="500" ind1=" " ind2=" ">
            <subfield code="a">&quot;Rayner Unwin first published a shorter version of this in The Bookseller. I wrote to him and asked if he would allow me to publish this in a small edition. He immediately consented and not only that, he sent me a longer updated version. The booklet came out just on time for the occasion of J.R.R. Tolkien's first centenary celebrations in 1992&quot;--Inside front cover.</subfield>
        </datafield>
        <datafield tag="600" ind1="1" ind2="0">
            <subfield code="a">Tolkien, J. R. R.</subfield>
            <subfield code="q">(John Ronald Reuel),</subfield>
            <subfield code="d">1892-1973.</subfield>
            <subfield code="t">Lord of the rings.</subfield>
        </datafield>
        <datafield tag="650" ind1=" " ind2="0">
            <subfield code="a">Publishers and publishing</subfield>
            <subfield code="x">History</subfield>
            <subfield code="y">20th century.</subfield>
        </datafield>
        <datafield tag="852" ind1="8" ind2=" ">
            <subfield code="a">UkOxU</subfield>
            <subfield code="b">BODBL</subfield>
            <subfield code="h">SCP Xweek 50 (19)</subfield>
        </datafield>
    </record>