
    <record>
        <leader>04188cam a2200841 a 4500</leader>
        <controlfield tag="001">022268690</controlfield>
        <controlfield tag="003">UkOxU</controlfield>
        <controlfield tag="005">20230331092333.0</controlfield>
        <controlfield tag="006">m     o  d        </controlfield>
        <controlfield tag="007">cr cn|||||||||</controlfield>
        <controlfield tag="008">090824s2009    gw      ob    001 0 eng d</controlfield>
        <datafield tag="020" ind1=" " ind2=" ">
            <subfield code="a">9783540893011</subfield>
        </datafield>
        <datafield tag="020" ind1=" " ind2=" ">
            <subfield code="a">3540893016</subfield>
        </datafield>
        <datafield tag="020" ind1=" " ind2=" ">
            <subfield code="a">3540893008</subfield>
            <subfield code="q">(hbk.)</subfield>
        </datafield>
        <datafield tag="020" ind1=" " ind2=" ">
            <subfield code="a">9783540893004</subfield>
            <subfield code="q">(hbk.)</subfield>
        </datafield>
        <datafield tag="024" ind1="7" ind2=" ">
            <subfield code="a">10.1007/978-3-540-89301-1</subfield>
            <subfield code="2">doi</subfield>
        </datafield>
        <datafield tag="024" ind1="8" ind2=" ">
            <subfield code="a">9786612290824</subfield>
        </datafield>
        <datafield tag="035" ind1=" " ind2=" ">
            <subfield code="a">(OCoLC)432702988</subfield>
            <subfield code="z">(OCoLC)428884722</subfield>
            <subfield code="z">(OCoLC)436285487</subfield>
            <subfield code="z">(OCoLC)495284406</subfield>
            <subfield code="z">(OCoLC)500981183</subfield>
            <subfield code="z">(OCoLC)514247086</subfield>
            <subfield code="z">(OCoLC)647825611</subfield>
            <subfield code="z">(OCoLC)656464921</subfield>
            <subfield code="z">(OCoLC)756716357</subfield>
            <subfield code="z">(OCoLC)985051177</subfield>
            <subfield code="z">(OCoLC)1005805733</subfield>
            <subfield code="z">(OCoLC)1044234704</subfield>
            <subfield code="z">(OCoLC)1066589119</subfield>
            <subfield code="z">(OCoLC)1071841410</subfield>
            <subfield code="z">(OCoLC)1097341955</subfield>
            <subfield code="z">(OCoLC)1110924151</subfield>
            <subfield code="z">(OCoLC)1112593071</subfield>
            <subfield code="z">(OCoLC)1127916783</subfield>
            <subfield code="z">(OCoLC)1162749965</subfield>
            <subfield code="z">(OCoLC)1204098913</subfield>
            <subfield code="z">(OCoLC)1302141717</subfield>
        </datafield>
        <datafield tag="037" ind1=" " ind2=" ">
            <subfield code="a">978-3-540-89300-4</subfield>
            <subfield code="b">Springer</subfield>
            <subfield code="n">http://www.springerlink.com</subfield>
        </datafield>
        <datafield tag="040" ind1=" " ind2=" ">
            <subfield code="a">GW5XE</subfield>
            <subfield code="b">eng</subfield>
            <subfield code="e">pn</subfield>
            <subfield code="c">GW5XE</subfield>
            <subfield code="d">OCLCQ</subfield>
            <subfield code="d">EBLCP</subfield>
            <subfield code="d">OCLCQ</subfield>
            <subfield code="d">MND</subfield>
            <subfield code="d">UWW</subfield>
            <subfield code="d">UBF</subfield>
            <subfield code="d">N$T</subfield>
            <subfield code="d">CDX</subfield>
            <subfield code="d">NUI</subfield>
            <subfield code="d">E7B</subfield>
            <subfield code="d">CNCGM</subfield>
            <subfield code="d">OCLCQ</subfield>
            <subfield code="d">OCLCO</subfield>
            <subfield code="d">OCLCQ</subfield>
            <subfield code="d">NLGGC</subfield>
            <subfield code="d">OCLCF</subfield>
            <subfield code="d">BEDGE</subfield>
            <subfield code="d">OCLCQ</subfield>
            <subfield code="d">A7U</subfield>
            <subfield code="d">YDXCP</subfield>
            <subfield code="d">DEBSZ</subfield>
            <subfield code="d">UAB</subfield>
            <subfield code="d">OCLCQ</subfield>
            <subfield code="d">VT2</subfield>
            <subfield code="d">ESU</subfield>
            <subfield code="d">OCLCQ</subfield>
            <subfield code="d">OCLCA</subfield>
            <subfield code="d">CEF</subfield>
            <subfield code="d">U3W</subfield>
            <subfield code="d">WYU</subfield>
            <subfield code="d">YOU</subfield>
            <subfield code="d">CNTRU</subfield>
            <subfield code="d">UKAHL</subfield>
            <subfield code="d">OCLCQ</subfield>
            <subfield code="d">ZHM</subfield>
            <subfield code="d">ERF</subfield>
            <subfield code="d">OCLCQ</subfield>
            <subfield code="d">DCT</subfield>
            <subfield code="d">INARC</subfield>
            <subfield code="d">OCLCO</subfield>
            <subfield code="d">OCLCQ</subfield>
        </datafield>
        <datafield tag="043" ind1=" " ind2=" ">
            <subfield code="a">e-sz---</subfield>
        </datafield>
        <datafield tag="049" ind1=" " ind2=" ">
            <subfield code="a">EQOA</subfield>
        </datafield>
        <datafield tag="050" ind1=" " ind2="4">
            <subfield code="a">QC787</subfield>
        </datafield>
        <datafield tag="072" ind1=" " ind2="7">
            <subfield code="a">SCI</subfield>
            <subfield code="x">051000</subfield>
            <subfield code="2">bisacsh</subfield>
        </datafield>
        <datafield tag="072" ind1=" " ind2="7">
            <subfield code="a">SCI</subfield>
            <subfield code="x">074000</subfield>
            <subfield code="2">bisacsh</subfield>
        </datafield>
        <datafield tag="072" ind1=" " ind2="7">
            <subfield code="a">PHP</subfield>
            <subfield code="2">bicssc</subfield>
        </datafield>
        <datafield tag="082" ind1="0" ind2="4">
            <subfield code="a">539.73</subfield>
            <subfield code="2">22</subfield>
        </datafield>
        <datafield tag="092" ind1=" " ind2=" ">
            <subfield code="a">WMS432702988</subfield>
        </datafield>
        <datafield tag="100" ind1="1" ind2=" ">
            <subfield code="a">Schopper, Herwig F.</subfield>
        </datafield>
        <datafield tag="245" ind1="1" ind2="0">
            <subfield code="a">LEP :</subfield>
            <subfield code="b">the lord of the collider rings at CERN 1980-2000 : the making, operation and legacy of the world's largest scientific instrument /</subfield>
            <subfield code="c">by Herwig Schopper.</subfield>
        </datafield>
        <datafield tag="260" ind1=" " ind2=" ">
            <subfield code="a">Berlin ;</subfield>
            <subfield code="a">London :</subfield>
            <subfield code="b">Springer,</subfield>
            <subfield code="c">2009.</subfield>
        </datafield>
        <datafield tag="300" ind1=" " ind2=" ">
            <subfield code="a">1 online resource</subfield>
        </datafield>
        <datafield tag="336" ind1=" " ind2=" ">
            <subfield code="a">text</subfield>
            <subfield code="b">txt</subfield>
            <subfield code="2">rdacontent</subfield>
        </datafield>
        <datafield tag="337" ind1=" " ind2=" ">
            <subfield code="a">computer</subfield>
            <subfield code="b">c</subfield>
            <subfield code="2">rdamedia</subfield>
        </datafield>
        <datafield tag="338" ind1=" " ind2=" ">
            <subfield code="a">online resource</subfield>
            <subfield code="b">cr</subfield>
            <subfield code="2">rdacarrier</subfield>
        </datafield>
        <datafield tag="347" ind1=" " ind2=" ">
            <subfield code="a">text file</subfield>
        </datafield>
        <datafield tag="347" ind1=" " ind2=" ">
            <subfield code="b">PDF</subfield>
        </datafield>
        <datafield tag="588" ind1=" " ind2=" ">
            <subfield code="a">Description based on print version record.</subfield>
        </datafield>
        <datafield tag="504" ind1=" " ind2=" ">
            <subfield code="a">Includes bibliographical references and index.</subfield>
        </datafield>
        <datafield tag="520" ind1=" " ind2=" ">
            <subfield code="a">Written by the main protagonist responsible for making LEP a reality, this is the definitive inside story of a remarkable machine &amp; the many thousands of scientists &amp; engineers from around the world, whose efforts contributed to the new knowledge it produced.</subfield>
        </datafield>
        <datafield tag="505" ind1="0" ind2=" ">
            <subfield code="a">Prelude -- Why LEP and why at CERN? -- The Difficult Decision of LEP's Size and Energy -- The Approval or How to Persuade Governments -- The Tunnelling Adventure -- The Environment -- People and Nature -- The Technical Challenge of the Machine -- The &quot;Experiments&quot; -- International Institutions by Themselves -- What Have we Learned -- Physics Results -- Creating New Technologies -- Unloved But Necessary -- Management and Finances -- How to Invite the Pope? -- CERN -- Bringing Nations Together -- The Complicated Relation Betwen LEP and LHC -- The Dramatic End of LEP -- Acknowledgments -- Annexes -- Index.</subfield>
        </datafield>
        <datafield tag="650" ind1=" " ind2="0">
            <subfield code="a">Colliders (Nuclear physics)</subfield>
            <subfield code="z">Switzerland.</subfield>
        </datafield>
        <datafield tag="650" ind1=" " ind2="6">
            <subfield code="a">Collisionneurs</subfield>
            <subfield code="z">Suisse.</subfield>
        </datafield>
        <datafield tag="650" ind1=" " ind2="7">
            <subfield code="a">SCIENCE</subfield>
            <subfield code="x">Physics</subfield>
            <subfield code="x">Nuclear.</subfield>
            <subfield code="2">bisacsh</subfield>
        </datafield>
        <datafield tag="650" ind1=" " ind2="7">
            <subfield code="a">SCIENCE</subfield>
            <subfield code="x">Physics</subfield>
            <subfield code="x">Atomic &amp; Molecular.</subfield>
            <subfield code="2">bisacsh</subfield>
        </datafield>
        <datafield tag="650" ind1=" " ind2="7">
            <subfield code="a">Physique.</subfield>
            <subfield code="2">eclas</subfield>
        </datafield>
        <datafield tag="650" ind1=" " ind2="7">
            <subfield code="a">Colliders (Nuclear physics)</subfield>
            <subfield code="2">fast</subfield>
            <subfield code="0">(OCoLC)fst00868285</subfield>
        </datafield>
        <datafield tag="651" ind1=" " ind2="7">
            <subfield code="a">Switzerland.</subfield>
            <subfield code="2">fast</subfield>
            <subfield code="0">(OCoLC)fst01205401</subfield>
        </datafield>
        <datafield tag="650" ind1="0" ind2="7">
            <subfield code="a">LEP.</subfield>
            <subfield code="2">swd</subfield>
        </datafield>
        <datafield tag="648" ind1=" " ind2="7">
            <subfield code="a">Geschichte 1980-2000.</subfield>
            <subfield code="2">swd</subfield>
        </datafield>
        <datafield tag="776" ind1="0" ind2="8">
            <subfield code="i">Print version:</subfield>
            <subfield code="a">Schopper, Herwig F.</subfield>
            <subfield code="t">LEP.</subfield>
            <subfield code="d">Berlin ; London : Springer, 2009</subfield>
            <subfield code="z">9783540893004</subfield>
            <subfield code="z">3540893008</subfield>
            <subfield code="w">(OCoLC)269435382</subfield>
        </datafield>
        <datafield tag="856" ind1="4" ind2="0">
            <subfield code="3">Springer Complete eBooks</subfield>
            <subfield code="u">https://link.springer.com/10.1007/978-3-540-89301-1</subfield>
        </datafield>
        <datafield tag="094" ind1=" " ind2=" ">
            <subfield code="a">WMS432702988</subfield>
        </datafield>
        <datafield tag="094" ind1=" " ind2=" ">
            <subfield code="a">WMS428884722</subfield>
        </datafield>
        <datafield tag="094" ind1=" " ind2=" ">
            <subfield code="a">WMS436285487</subfield>
        </datafield>
        <datafield tag="094" ind1=" " ind2=" ">
            <subfield code="a">WMS495284406</subfield>
        </datafield>
        <datafield tag="094" ind1=" " ind2=" ">
            <subfield code="a">WMS500981183</subfield>
        </datafield>
        <datafield tag="094" ind1=" " ind2=" ">
            <subfield code="a">WMS514247086</subfield>
        </datafield>
        <datafield tag="094" ind1=" " ind2=" ">
            <subfield code="a">WMS647825611</subfield>
        </datafield>
        <datafield tag="094" ind1=" " ind2=" ">
            <subfield code="a">WMS656464921</subfield>
        </datafield>
        <datafield tag="094" ind1=" " ind2=" ">
            <subfield code="a">WMS756716357</subfield>
        </datafield>
        <datafield tag="094" ind1=" " ind2=" ">
            <subfield code="a">WMS985051177</subfield>
        </datafield>
        <datafield tag="094" ind1=" " ind2=" ">
            <subfield code="a">WMS1005805733</subfield>
        </datafield>
        <datafield tag="094" ind1=" " ind2=" ">
            <subfield code="a">WMS1044234704</subfield>
        </datafield>
        <datafield tag="094" ind1=" " ind2=" ">
            <subfield code="a">WMS1066589119</subfield>
        </datafield>
        <datafield tag="094" ind1=" " ind2=" ">
            <subfield code="a">WMS1071841410</subfield>
        </datafield>
        <datafield tag="094" ind1=" " ind2=" ">
            <subfield code="a">WMS1097341955</subfield>
        </datafield>
        <datafield tag="094" ind1=" " ind2=" ">
            <subfield code="a">WMS1110924151</subfield>
        </datafield>
        <datafield tag="094" ind1=" " ind2=" ">
            <subfield code="a">WMS1112593071</subfield>
        </datafield>
        <datafield tag="094" ind1=" " ind2=" ">
            <subfield code="a">WMS1127916783</subfield>
        </datafield>
        <datafield tag="094" ind1=" " ind2=" ">
            <subfield code="a">WMS1162749965</subfield>
        </datafield>
        <datafield tag="094" ind1=" " ind2=" ">
            <subfield code="a">WMS1204098913</subfield>
        </datafield>
        <datafield tag="094" ind1=" " ind2=" ">
            <subfield code="a">WMS1302141717</subfield>
        </datafield>
    </record>