
    <record>
        <leader>03285cam a2200301   4500</leader>
        <controlfield tag="001">022442946</controlfield>
        <controlfield tag="003">UkOxU</controlfield>
        <controlfield tag="005">20210215185445.0</controlfield>
        <controlfield tag="006">m    |o  d |      </controlfield>
        <controlfield tag="007">cr||n||||||||n</controlfield>
        <controlfield tag="008">790201s1739    enk|||| s    o00||||eng c</controlfield>
        <datafield tag="035" ind1=" " ind2=" ">
            <subfield code="a">(Uk-ES)006212852</subfield>
        </datafield>
        <datafield tag="035" ind1=" " ind2=" ">
            <subfield code="a">(OCoLC)508464289</subfield>
        </datafield>
        <datafield tag="035" ind1=" " ind2=" ">
            <subfield code="a">(CU-RivES)T12936</subfield>
        </datafield>
        <datafield tag="040" ind1=" " ind2=" ">
            <subfield code="a">Uk-ES</subfield>
            <subfield code="c">Uk-ES</subfield>
            <subfield code="d">CStRLIN</subfield>
            <subfield code="d">Cengage Gale</subfield>
        </datafield>
        <datafield tag="110" ind1="1" ind2=" ">
            <subfield code="a">Great Britain.</subfield>
            <subfield code="b">Assizes (Surrey, England)</subfield>
        </datafield>
        <datafield tag="240" ind1="1" ind2="0">
            <subfield code="a">Proceedings. 1739-08-22</subfield>
        </datafield>
        <datafield tag="245" ind1="1" ind2="4">
            <subfield code="a">The proceedings of the sessions of Oyer and Terminer, and the General Goal Delivery, held at Kingston-upon-Thames, for the county of Surrey; Wednesday, Thursday, Friday, and Saturday the 22d, 23d, 24th, and 25th of August; in the thirteenth year of His present Majesty's reign, and in the year of our Lord 1739.</subfield>
            <subfield code="h">[electronic resource] :</subfield>
            <subfield code="b">Before the Right Honourable Sir William Lee, Knt. Lord Chief Justice of His Majesty's Court of King's-Bench; Right Honourable Sir John Comyns, Knt. Lord Chief Baron of His Majesty's Court of Exchequer; and the rest of His Majesty's Justices assigned to deliver the said gaol of the prisoners therein being. Containing the trials (at large) of all the prisoners, especially those who received sentence of death, viz. I. Noah Gooby, for robbing Mr. Deacon in Kennington-Lane, of a silver watch, a gold ring, a pair of silver shoe and knee buckles, and six shillings in money. 2. Norris Hodson, for robbing the Lady Catherine Forbes, of a silver patch-box, on Putney-Common. 3. John Hannah, (evidence against Captain Longdon) for robbing James Howard on the highway, between Kingston and Dition, of a a Guinea, and a linnen bag. 4. Michael Lucas, otherwise Stanley, for taking out of the house of John Parnell, two gold rings, and money to the value of 5l. 5. 6, 7, Peter Willington, Johanna Rashford Sambo, and Eleanor Spencer, for robbing Stephen Freeman, (an---famous pegg-maker in the mint) of a watch, a pair of shoe and knee buckles; and, 8. John Hollings for stealing a horse, a bag, part of a leaden pump, and iron work, out of the field and garden of Josiah Wordsworth, Esq; at Croydon, in Surry. Likewise, a particular account of Hugh Randall, father-in-law to, and concerned in the above robbery with, hollings, who kill'd himself in the Stock-house at Kingston, before trial, and the reasons that induced him to make this attempt on his life. Also the trial of William Prestage, for murder; and above twenty other very remarkable trials.</subfield>
        </datafield>
        <datafield tag="260" ind1=" " ind2=" ">
            <subfield code="a">London :</subfield>
            <subfield code="b">printed and sold by W. Rayner near St. George's Church Southwark,</subfield>
            <subfield code="c">M DCC XXXXIX. [1749]</subfield>
        </datafield>
        <datafield tag="300" ind1=" " ind2=" ">
            <subfield code="a">20p. ;</subfield>
            <subfield code="c">2⁰.</subfield>
        </datafield>
        <datafield tag="500" ind1=" " ind2=" ">
            <subfield code="a">Below imprint: (Price three-pence.)</subfield>
        </datafield>
        <datafield tag="533" ind1=" " ind2=" ">
            <subfield code="a">Electronic reproduction.</subfield>
            <subfield code="b">Farmington Hills, Mich. :</subfield>
            <subfield code="c">Cengage Gale,</subfield>
            <subfield code="d">2009.</subfield>
            <subfield code="n">Available via the World Wide Web.</subfield>
            <subfield code="n">Access limited by licensing agreements.</subfield>
            <subfield code="7">s2009 miunns</subfield>
            <subfield code="n">Available as part of Eighteenth century collections online.</subfield>
        </datafield>
        <datafield tag="510" ind1="4" ind2=" ">
            <subfield code="a">English Short Title Catalog,</subfield>
            <subfield code="c">T12936.</subfield>
        </datafield>
        <datafield tag="500" ind1=" " ind2=" ">
            <subfield code="a">Reproduction of original from British Library.</subfield>
        </datafield>
        <datafield tag="650" ind1=" " ind2="0">
            <subfield code="a">Trials</subfield>
            <subfield code="z">Great Britain</subfield>
            <subfield code="v">Early works to 1800.</subfield>
        </datafield>
        <datafield tag="752" ind1=" " ind2=" ">
            <subfield code="a">England</subfield>
            <subfield code="d">London.</subfield>
        </datafield>
        <datafield tag="830" ind1=" " ind2="0">
            <subfield code="a">Eighteenth century collections online.</subfield>
        </datafield>
        <datafield tag="856" ind1="4" ind2="0">
            <subfield code="3">Eighteenth century collections online</subfield>
            <subfield code="u">https://link.gale.com/apps/doc/CB0132225146/ECCO?sid=gale_marc&amp;u=oxford</subfield>
        </datafield>
    </record>