
    <record>
        <leader>04797cam a22006491i 4500</leader>
        <controlfield tag="001">022557209</controlfield>
        <controlfield tag="003">UkOxU</controlfield>
        <controlfield tag="005">20210929212224.0</controlfield>
        <controlfield tag="006">m     o  d        </controlfield>
        <controlfield tag="007">cr cnu---unuuu</controlfield>
        <controlfield tag="008">210517s2021    sz a    o     000 0 eng d</controlfield>
        <datafield tag="015" ind1=" " ind2=" ">
            <subfield code="a">GBC144475</subfield>
            <subfield code="2">bnb</subfield>
        </datafield>
        <datafield tag="016" ind1="7" ind2=" ">
            <subfield code="a">020136339</subfield>
            <subfield code="2">Uk</subfield>
        </datafield>
        <datafield tag="020" ind1=" " ind2=" ">
            <subfield code="a">9783030692995</subfield>
            <subfield code="q">(electronic bk.)</subfield>
        </datafield>
        <datafield tag="020" ind1=" " ind2=" ">
            <subfield code="a">303069299X</subfield>
            <subfield code="q">(electronic bk.)</subfield>
        </datafield>
        <datafield tag="020" ind1=" " ind2=" ">
            <subfield code="z">9783030692988</subfield>
        </datafield>
        <datafield tag="020" ind1=" " ind2=" ">
            <subfield code="z">3030692981</subfield>
        </datafield>
        <datafield tag="024" ind1="7" ind2=" ">
            <subfield code="a">10.1007/978-3-030-69299-5</subfield>
            <subfield code="2">doi</subfield>
        </datafield>
        <datafield tag="035" ind1=" " ind2=" ">
            <subfield code="a">(OCoLC)1250640275</subfield>
            <subfield code="z">(OCoLC)1250305657</subfield>
            <subfield code="z">(OCoLC)1251444310</subfield>
        </datafield>
        <datafield tag="037" ind1=" " ind2=" ">
            <subfield code="a">9783030692995</subfield>
            <subfield code="b">Springer Nature</subfield>
        </datafield>
        <datafield tag="040" ind1=" " ind2=" ">
            <subfield code="a">GW5XE</subfield>
            <subfield code="b">eng</subfield>
            <subfield code="e">rda</subfield>
            <subfield code="e">pn</subfield>
            <subfield code="c">GW5XE</subfield>
            <subfield code="d">EBLCP</subfield>
            <subfield code="d">YDX</subfield>
            <subfield code="d">OCLCO</subfield>
            <subfield code="d">OCLCF</subfield>
            <subfield code="d">UKMGB</subfield>
            <subfield code="d">N$T</subfield>
            <subfield code="d">HTM</subfield>
        </datafield>
        <datafield tag="049" ind1=" " ind2=" ">
            <subfield code="a">EQOA</subfield>
        </datafield>
        <datafield tag="050" ind1=" " ind2="4">
            <subfield code="a">PR6039.O32</subfield>
        </datafield>
        <datafield tag="072" ind1=" " ind2="7">
            <subfield code="a">LAN009000</subfield>
            <subfield code="2">bisacsh</subfield>
        </datafield>
        <datafield tag="082" ind1="0" ind2="4">
            <subfield code="a">823.912</subfield>
            <subfield code="2">23</subfield>
        </datafield>
        <datafield tag="092" ind1=" " ind2=" ">
            <subfield code="a">WMS1250640275</subfield>
        </datafield>
        <datafield tag="100" ind1="1" ind2=" ">
            <subfield code="a">Kullmann, Thomas,</subfield>
            <subfield code="e">author.</subfield>
        </datafield>
        <datafield tag="245" ind1="1" ind2="0">
            <subfield code="a">Tolkien as a literary artist :</subfield>
            <subfield code="b">exploring rhetoric, language and style in the Lord of the Rings /</subfield>
            <subfield code="c">Thomas Kullmann, Dirk Siepmann.</subfield>
        </datafield>
        <datafield tag="264" ind1=" " ind2="1">
            <subfield code="a">Cham, Switzerland :</subfield>
            <subfield code="b">Palgrave Macmillan,</subfield>
            <subfield code="c">[2021]</subfield>
        </datafield>
        <datafield tag="300" ind1=" " ind2=" ">
            <subfield code="a">1 online resource (1 volume) :</subfield>
            <subfield code="b">illustrations (some color)</subfield>
        </datafield>
        <datafield tag="336" ind1=" " ind2=" ">
            <subfield code="a">text</subfield>
            <subfield code="b">txt</subfield>
            <subfield code="2">rdacontent</subfield>
        </datafield>
        <datafield tag="337" ind1=" " ind2=" ">
            <subfield code="a">computer</subfield>
            <subfield code="b">c</subfield>
            <subfield code="2">rdamedia</subfield>
        </datafield>
        <datafield tag="338" ind1=" " ind2=" ">
            <subfield code="a">online resource</subfield>
            <subfield code="b">cr</subfield>
            <subfield code="2">rdacarrier</subfield>
        </datafield>
        <datafield tag="505" ind1="0" ind2=" ">
            <subfield code="a">Chapter 1: Introduction -- Chapter 2: Tolkien as a Stylist: Key Words and Key Collocations -- Chapter 3: The Narrative Syntax of The Lord of the Rings -- Chapter 4: Points of View -- Chapter 5: Landscape Descriptions -- Chapter 6: Speeches and Declarations -- Chapter 7: Storytelling -- Chapter 8: Poems and Songs -- Chapter 9: Language and Character -- Chapter 10: Tolkiens Position in Literary History.</subfield>
        </datafield>
        <datafield tag="520" ind1=" " ind2=" ">
            <subfield code="a">This book takes a fresh look at Tolkiens literary artistry from the points of view of both linguistics and literary history, with the aim of shedding light on the literary techniques used in The Lord of the Rings. The authors study Tolkiens use of words, style, narrative techniques, rhetoric and symbolism to highlight his status as literary artist. Dirk Siepmann uses a corpus stylistic approach to analyse Tolkiens vocabulary and syntax, while Thomas Kullmann uses discourse theory, literary history and concepts of intertextuality to explore Tolkiens literary techniques, relating them to the history of English fiction and poetry. Issues discussed include point of view, speeches, story-telling, landscape descriptions, the poems inserted into the body of the narrative, and the role of language in the characterization of the novels protagonists. This book will be of particular interest to students and scholars of literature, corpus linguistics and stylistics, as well as Tolkien fans and specialists. Thomas Kullmann is Professor of English Literature at the University of Osnabruck, Germany. He has published widely on Shakespeare and the English Renaissance, English childrens literature and the nineteenth- and twentieth-century novel. Dirk Siepmann is Professor of English as a Second Language at the University of Osnabruck, Germany. He has 25 years of experience in applied linguistics, with an extensive background in corpus linguistics and language teaching. He has authored 12 books, including two major monographs on translation studies and one on contrastive linguistics, and has co-authored or edited a further 14 volumes.</subfield>
        </datafield>
        <datafield tag="588" ind1=" " ind2=" ">
            <subfield code="a">Description based on print version record.</subfield>
        </datafield>
        <datafield tag="600" ind1="1" ind2="0">
            <subfield code="a">Tolkien, J. R. R.</subfield>
            <subfield code="q">(John Ronald Reuel),</subfield>
            <subfield code="d">1892-1973</subfield>
            <subfield code="x">Literary style.</subfield>
        </datafield>
        <datafield tag="600" ind1="1" ind2="0">
            <subfield code="a">Tolkien, J. R. R.</subfield>
            <subfield code="q">(John Ronald Reuel),</subfield>
            <subfield code="d">1892-1973.</subfield>
            <subfield code="t">Lord of the rings</subfield>
            <subfield code="x">Criticism, Textual.</subfield>
        </datafield>
        <datafield tag="600" ind1="1" ind2="7">
            <subfield code="a">Tolkien, J. R. R.</subfield>
            <subfield code="q">(John Ronald Reuel),</subfield>
            <subfield code="d">1892-1973.</subfield>
            <subfield code="2">fast</subfield>
            <subfield code="0">(OCoLC)fst00030031</subfield>
        </datafield>
        <datafield tag="630" ind1="0" ind2="7">
            <subfield code="a">Lord of the rings (Tolkien, J. R. R.)</subfield>
            <subfield code="2">fast</subfield>
            <subfield code="0">(OCoLC)fst01356106</subfield>
        </datafield>
        <datafield tag="650" ind1=" " ind2="7">
            <subfield code="a">Semantics, discourse analysis, etc.</subfield>
            <subfield code="2">bicssc</subfield>
        </datafield>
        <datafield tag="650" ind1=" " ind2="7">
            <subfield code="a">Literary studies: from c 1900.</subfield>
            <subfield code="2">bicssc</subfield>
        </datafield>
        <datafield tag="650" ind1=" " ind2="7">
            <subfield code="a">Fiction &amp; related items.</subfield>
            <subfield code="2">bicssc</subfield>
        </datafield>
        <datafield tag="650" ind1=" " ind2="7">
            <subfield code="a">Literature &amp; literary studies.</subfield>
            <subfield code="2">bicssc</subfield>
        </datafield>
        <datafield tag="650" ind1=" " ind2="7">
            <subfield code="a">Literature: history &amp; criticism.</subfield>
            <subfield code="2">bicssc</subfield>
        </datafield>
        <datafield tag="650" ind1=" " ind2="7">
            <subfield code="a">Language: history &amp; general works.</subfield>
            <subfield code="2">bicssc</subfield>
        </datafield>
        <datafield tag="650" ind1=" " ind2="7">
            <subfield code="a">Language Arts &amp; Disciplines</subfield>
            <subfield code="x">Linguistics</subfield>
            <subfield code="x">General.</subfield>
            <subfield code="2">bisacsh</subfield>
        </datafield>
        <datafield tag="650" ind1=" " ind2="7">
            <subfield code="a">Fiction</subfield>
            <subfield code="x">General.</subfield>
            <subfield code="2">bisacsh</subfield>
        </datafield>
        <datafield tag="650" ind1=" " ind2="7">
            <subfield code="a">Literary Criticism</subfield>
            <subfield code="x">General.</subfield>
            <subfield code="2">bisacsh</subfield>
        </datafield>
        <datafield tag="650" ind1=" " ind2="7">
            <subfield code="a">Literary style.</subfield>
            <subfield code="2">fast</subfield>
            <subfield code="0">(OCoLC)fst01136323</subfield>
        </datafield>
        <datafield tag="655" ind1=" " ind2="7">
            <subfield code="a">Criticism, interpretation, etc.</subfield>
            <subfield code="2">fast</subfield>
            <subfield code="0">(OCoLC)fst01411635</subfield>
        </datafield>
        <datafield tag="700" ind1="1" ind2=" ">
            <subfield code="a">Siepmann, Dirk,</subfield>
            <subfield code="d">1966-</subfield>
            <subfield code="e">author.</subfield>
        </datafield>
        <datafield tag="776" ind1="0" ind2="8">
            <subfield code="i">Print version:</subfield>
            <subfield code="a">Kullmann, Thomas.</subfield>
            <subfield code="t">Tolkien as a literary artist.</subfield>
            <subfield code="d">Basingstoke : Palgrave Macmillan, 2021</subfield>
            <subfield code="z">9783030692988</subfield>
            <subfield code="w">(OCoLC)1242830064</subfield>
        </datafield>
        <datafield tag="856" ind1="4" ind2="0">
            <subfield code="3">Springer Complete eBooks</subfield>
            <subfield code="u">https://link.springer.com/10.1007/978-3-030-69299-5</subfield>
        </datafield>
        <datafield tag="094" ind1=" " ind2=" ">
            <subfield code="a">WMS1250640275</subfield>
        </datafield>
        <datafield tag="094" ind1=" " ind2=" ">
            <subfield code="a">WMS1250305657</subfield>
        </datafield>
        <datafield tag="094" ind1=" " ind2=" ">
            <subfield code="a">WMS1251444310</subfield>
        </datafield>
    </record>