
    <record>
        <leader>02962aam a22004571i 4500</leader>
        <controlfield tag="001">022666095</controlfield>
        <controlfield tag="003">UkOxU</controlfield>
        <controlfield tag="005">20211201172252.0</controlfield>
        <controlfield tag="006">m    ||  d |      </controlfield>
        <controlfield tag="007">cr |||||||||||</controlfield>
        <controlfield tag="008">211010s2013    xxk|||||o    |||| ||eng  </controlfield>
        <datafield tag="015" ind1=" " ind2=" ">
            <subfield code="a">GBC1J6636</subfield>
            <subfield code="2">bnb</subfield>
        </datafield>
        <datafield tag="020" ind1=" " ind2=" ">
            <subfield code="a">9781350310506</subfield>
            <subfield code="q">(Electronic book (EPUB format))</subfield>
        </datafield>
        <datafield tag="020" ind1=" " ind2=" ">
            <subfield code="a">1350310506</subfield>
            <subfield code="q">(Electronic book (EPUB format))</subfield>
        </datafield>
        <datafield tag="020" ind1=" " ind2=" ">
            <subfield code="z">9781137263995</subfield>
            <subfield code="q">(print)</subfield>
        </datafield>
        <datafield tag="035" ind1=" " ind2=" ">
            <subfield code="a">(Uk)020359205</subfield>
        </datafield>
        <datafield tag="037" ind1=" " ind2=" ">
            <subfield code="a">9781350310506</subfield>
            <subfield code="b">codeMantra</subfield>
        </datafield>
        <datafield tag="040" ind1=" " ind2=" ">
            <subfield code="a">Uk</subfield>
            <subfield code="b">eng</subfield>
            <subfield code="c">Uk</subfield>
        </datafield>
        <datafield tag="042" ind1=" " ind2=" ">
            <subfield code="a">ukblsr</subfield>
        </datafield>
        <datafield tag="082" ind1="0" ind2="4">
            <subfield code="a">823.912</subfield>
            <subfield code="2">23</subfield>
        </datafield>
        <datafield tag="245" ind1="0" ind2="0">
            <subfield code="a">J.R.R. Tolkien :</subfield>
            <subfield code="b">the Hobbit and the Lord of the Rings /</subfield>
            <subfield code="c">edited by Peter Hunt.</subfield>
        </datafield>
        <datafield tag="264" ind1=" " ind2="1">
            <subfield code="a">London :</subfield>
            <subfield code="b">Bloomsbury Academic,</subfield>
            <subfield code="c">2013.</subfield>
        </datafield>
        <datafield tag="300" ind1=" " ind2=" ">
            <subfield code="a">1 online resource (200 pages).</subfield>
        </datafield>
        <datafield tag="336" ind1=" " ind2=" ">
            <subfield code="a">text</subfield>
            <subfield code="2">rdacontent</subfield>
        </datafield>
        <datafield tag="337" ind1=" " ind2=" ">
            <subfield code="a">computer</subfield>
            <subfield code="2">rdamedia</subfield>
        </datafield>
        <datafield tag="338" ind1=" " ind2=" ">
            <subfield code="a">online resource</subfield>
            <subfield code="2">rdacarrier</subfield>
        </datafield>
        <datafield tag="490" ind1="1" ind2=" ">
            <subfield code="a">New casebooks</subfield>
        </datafield>
        <datafield tag="505" ind1="0" ind2=" ">
            <subfield code="a">Series Editor's Preface Acknowledgements Notes on Contributors Introduction; Peter Hunt 1. The Hobbit, the Tale, Children's Literature, and the Critics; Keith O'Sullivan 2. Sources and Successors; Maria Sachiko Cecire 3. The Pastoral Impulse and the Turn to the Future in The Hobbit and Interwar Children's Fiction; Hazel Sheekey Bird 4. Tolkien and the Traditional Dragon Tale: An Examination of The Hobbit; C.W.Sullivan III 5. Tolkien's Language; Louise Joy 6. There and Back Again: The Gendered Journey of Tolkien's Hobbits; Zoe Jaques 7. Tolkien and Worldbuilding; Catherine Butler 8. A Topoanalytical Reading of Landscapes in The Lord of the Rings and The Hobbit; Jane Suzanne Carroll 9. Tolkien and Trees; Shelley Saguaro and Deborah Cogan Thacker 10. From Illustration to Film: Visual Narratives and Target Audiences; Kate Harvey Further Reading Index.</subfield>
        </datafield>
        <datafield tag="506" ind1="1" ind2=" ">
            <subfield code="a">Legal Deposit;</subfield>
            <subfield code="c">Only available on premises controlled by the deposit library and to one user at any one time;</subfield>
            <subfield code="e">The Legal Deposit Libraries (Non-Print Works) Regulations (UK).</subfield>
            <subfield code="5">UkOxU</subfield>
        </datafield>
        <datafield tag="540" ind1=" " ind2=" ">
            <subfield code="a">Restricted: Printing from this resource is governed by The Legal Deposit Libraries (Non-Print Works) Regulations (UK) and UK copyright law currently in force.</subfield>
            <subfield code="5">UkOxU</subfield>
        </datafield>
        <datafield tag="500" ind1=" " ind2=" ">
            <subfield code="a">Academic</subfield>
        </datafield>
        <datafield tag="600" ind1="1" ind2="0">
            <subfield code="a">Tolkien, J. R. R.</subfield>
            <subfield code="q">(John Ronald Reuel),</subfield>
            <subfield code="d">1892-1973</subfield>
            <subfield code="x">Criticism and interpretation.</subfield>
        </datafield>
        <datafield tag="600" ind1="1" ind2="0">
            <subfield code="a">Tolkien, J. R. R.</subfield>
            <subfield code="q">(John Ronald Reuel),</subfield>
            <subfield code="d">1892-1973.</subfield>
            <subfield code="t">Hobbit.</subfield>
        </datafield>
        <datafield tag="600" ind1="1" ind2="0">
            <subfield code="a">Tolkien, J. R. R.</subfield>
            <subfield code="q">(John Ronald Reuel),</subfield>
            <subfield code="d">1892-1973.</subfield>
            <subfield code="t">Lord of the rings.</subfield>
        </datafield>
        <datafield tag="650" ind1=" " ind2="0">
            <subfield code="a">Children's stories, English</subfield>
            <subfield code="x">History and criticism.</subfield>
        </datafield>
        <datafield tag="650" ind1=" " ind2="0">
            <subfield code="a">Fantasy fiction, English</subfield>
            <subfield code="x">History and criticism.</subfield>
        </datafield>
        <datafield tag="700" ind1="1" ind2=" ">
            <subfield code="a">Hunt, Peter,</subfield>
            <subfield code="d">1945-</subfield>
            <subfield code="e">editor of compilation.</subfield>
        </datafield>
        <datafield tag="830" ind1=" " ind2="0">
            <subfield code="a">New casebooks (Palgrave Macmillan (Firm))</subfield>
        </datafield>
        <datafield tag="859" ind1=" " ind2=" ">
            <subfield code="a">ELD</subfield>
            <subfield code="b">ebook</subfield>
        </datafield>
        <datafield tag="876" ind1=" " ind2=" ">
            <subfield code="0">ark:/81055/vdc_100130736027.0x000001</subfield>
            <subfield code="a">ark:/81055/vdc_100130735505.0x000001</subfield>
        </datafield>
        <datafield tag="884" ind1=" " ind2=" ">
            <subfield code="a">LDL ebooks ONIX to marcxml transformation using Record_Load-eBooks_Legal_Deposit_onix2marc_v2-1.xsl</subfield>
            <subfield code="g">20211010</subfield>
            <subfield code="k">9781350310506</subfield>
            <subfield code="q">Uk</subfield>
        </datafield>
    </record>