
    <record>
        <leader>01944cam a2200313 a 4500</leader>
        <controlfield tag="001">022753951</controlfield>
        <controlfield tag="003">UkOxU</controlfield>
        <controlfield tag="005">20220202154327.0</controlfield>
        <controlfield tag="008">100820s2010    cauagm        001 0 eng d</controlfield>
        <datafield tag="020" ind1=" " ind2=" ">
            <subfield code="a">9780739071571</subfield>
            <subfield code="q">(hardback)</subfield>
        </datafield>
        <datafield tag="035" ind1=" " ind2=" ">
            <subfield code="a">(UkLiU).b2633379x</subfield>
        </datafield>
        <datafield tag="035" ind1=" " ind2=" ">
            <subfield code="a">(UkMaC)51547840</subfield>
        </datafield>
        <datafield tag="040" ind1=" " ind2=" ">
            <subfield code="a">BTCTA</subfield>
            <subfield code="b">eng</subfield>
            <subfield code="c">BTCTA</subfield>
            <subfield code="d">YDXCP</subfield>
            <subfield code="d">ZCU</subfield>
            <subfield code="d">IHV</subfield>
            <subfield code="d">UkLiU</subfield>
            <subfield code="d">UkOxU</subfield>
        </datafield>
        <datafield tag="100" ind1="1" ind2=" ">
            <subfield code="a">Adams, Doug.</subfield>
        </datafield>
        <datafield tag="245" ind1="1" ind2="4">
            <subfield code="a">The music of the Lord of the rings films :</subfield>
            <subfield code="b">a comprehensive account of Howard Shore's scores /</subfield>
            <subfield code="c">Doug Adams ; foreword by Howard Shore ; introduction by Fran Walsh.</subfield>
        </datafield>
        <datafield tag="246" ind1="3" ind2="3">
            <subfield code="a">Lord of the rings :</subfield>
            <subfield code="b">the rarities archive.</subfield>
        </datafield>
        <datafield tag="260" ind1=" " ind2=" ">
            <subfield code="a">Van Nuys, CA :</subfield>
            <subfield code="b">Alfred Music,</subfield>
            <subfield code="c">c2010.</subfield>
        </datafield>
        <datafield tag="300" ind1=" " ind2=" ">
            <subfield code="a">xiii, 401 p. :</subfield>
            <subfield code="b">ill. (some col.), music ;</subfield>
            <subfield code="c">26 cm. +</subfield>
            <subfield code="e">1 audio CD (digital ; 4 3/4 in.)</subfield>
        </datafield>
        <datafield tag="500" ind1=" " ind2=" ">
            <subfield code="a">Includes a comprehensive description, including musical examples, of the score's leitmoifs.</subfield>
        </datafield>
        <datafield tag="500" ind1=" " ind2=" ">
            <subfield code="a">Includes 1 accompanying audio CD in pocket at back of book which presents music for the films that, due to alternate versions or subsequent compositions, has never before been released; includes a 2-part conversation between the author and the composer.</subfield>
        </datafield>
        <datafield tag="504" ind1=" " ind2=" ">
            <subfield code="a">Includes bibliographical references and a &quot;thematic index&quot; and a &quot;choral text index&quot;.</subfield>
        </datafield>
        <datafield tag="520" ind1=" " ind2=" ">
            <subfield code="a">Presents the complete account of the making of the Lord of the Rings trilogy music score, and includes extensive music examples, original manuscript scores, and glimpses into the creative process from the composer.</subfield>
        </datafield>
        <datafield tag="600" ind1="1" ind2="0">
            <subfield code="a">Shore, Howard.</subfield>
            <subfield code="t">Lord of the rings, the fellowship of the ring.</subfield>
        </datafield>
        <datafield tag="600" ind1="1" ind2="0">
            <subfield code="a">Shore, Howard.</subfield>
            <subfield code="t">Lord of the rings, the return of the king.</subfield>
        </datafield>
        <datafield tag="600" ind1="1" ind2="0">
            <subfield code="a">Shore, Howard.</subfield>
            <subfield code="t">Lord of the rings, the two towers.</subfield>
        </datafield>
        <datafield tag="650" ind1=" " ind2="0">
            <subfield code="a">Motion picture music</subfield>
            <subfield code="x">Analysis, appreciation.</subfield>
        </datafield>
        <datafield tag="700" ind1="1" ind2=" ">
            <subfield code="a">Tolkien, J. R. R.</subfield>
            <subfield code="q">(John Ronald Reuel),</subfield>
            <subfield code="d">1892-1973.</subfield>
            <subfield code="t">Lord of the rings.</subfield>
        </datafield>
        <datafield tag="700" ind1="1" ind2="2">
            <subfield code="a">Shore, Howard.</subfield>
            <subfield code="t">Motion picture music.</subfield>
            <subfield code="k">Selections.</subfield>
        </datafield>
        <datafield tag="852" ind1="8" ind2=" ">
            <subfield code="a">UkOxU</subfield>
            <subfield code="b">LMHCL</subfield>
            <subfield code="c">LMHDF</subfield>
            <subfield code="h">781.542</subfield>
            <subfield code="m">ADA</subfield>
        </datafield>
    </record>