
    <record>
        <leader>01513nam a2200385 i 4500</leader>
        <controlfield tag="001">023224688</controlfield>
        <controlfield tag="003">UkOxU</controlfield>
        <controlfield tag="005">20230619131015.0</controlfield>
        <controlfield tag="008">230602s2022    stk      b    000 0 eng c</controlfield>
        <datafield tag="010" ind1=" " ind2=" ">
            <subfield code="a">2020415860</subfield>
        </datafield>
        <datafield tag="015" ind1=" " ind2=" ">
            <subfield code="a">GBC3A9420</subfield>
            <subfield code="2">bnb</subfield>
        </datafield>
        <datafield tag="020" ind1=" " ind2=" ">
            <subfield code="a">9781913387938</subfield>
            <subfield code="q">paperback</subfield>
        </datafield>
        <datafield tag="020" ind1=" " ind2=" ">
            <subfield code="a">1913387933</subfield>
            <subfield code="q">paperback</subfield>
        </datafield>
        <datafield tag="035" ind1=" " ind2=" ">
            <subfield code="a">(StEdNL)99116819229404341</subfield>
        </datafield>
        <datafield tag="035" ind1=" " ind2=" ">
            <subfield code="a">(Uk)020523338</subfield>
        </datafield>
        <datafield tag="040" ind1=" " ind2=" ">
            <subfield code="a">UK-WkNB</subfield>
            <subfield code="b">eng</subfield>
            <subfield code="e">rda</subfield>
            <subfield code="c">UK-WkNB</subfield>
            <subfield code="d">StEdNL</subfield>
            <subfield code="d">UkOxU</subfield>
        </datafield>
        <datafield tag="041" ind1="1" ind2=" ">
            <subfield code="a">eng</subfield>
            <subfield code="h">por</subfield>
        </datafield>
        <datafield tag="042" ind1=" " ind2=" ">
            <subfield code="a">ukscp</subfield>
        </datafield>
        <datafield tag="100" ind1="1" ind2=" ">
            <subfield code="a">Casagrande, Cristina,</subfield>
            <subfield code="e">author.</subfield>
            <subfield code="1">https://isni.org/isni/0000000511409431</subfield>
        </datafield>
        <datafield tag="240" ind1="1" ind2="0">
            <subfield code="a">Amizade em O Senhor dos Anéis.</subfield>
            <subfield code="l">English</subfield>
        </datafield>
        <datafield tag="245" ind1="1" ind2="0">
            <subfield code="a">Friendship in the Lord of the Rings /</subfield>
            <subfield code="c">Cristina Casagrande ; translated by Eduardo Boheme.</subfield>
        </datafield>
        <datafield tag="264" ind1=" " ind2="1">
            <subfield code="a">Edinburgh :</subfield>
            <subfield code="b">Luna Press Publishing,</subfield>
            <subfield code="c">2022.</subfield>
        </datafield>
        <datafield tag="300" ind1=" " ind2=" ">
            <subfield code="a">xvi, 199 pages ;</subfield>
            <subfield code="c">22 cm</subfield>
        </datafield>
        <datafield tag="336" ind1=" " ind2=" ">
            <subfield code="a">text</subfield>
            <subfield code="2">rdacontent</subfield>
        </datafield>
        <datafield tag="337" ind1=" " ind2=" ">
            <subfield code="a">unmediated</subfield>
            <subfield code="2">rdamedia</subfield>
        </datafield>
        <datafield tag="338" ind1=" " ind2=" ">
            <subfield code="a">volume</subfield>
            <subfield code="2">rdacarrier</subfield>
        </datafield>
        <datafield tag="500" ind1=" " ind2=" ">
            <subfield code="a">''First published in Portuguese by Martin Claret, São Paulo, 2019&quot;--Title page verso.</subfield>
        </datafield>
        <datafield tag="504" ind1=" " ind2=" ">
            <subfield code="a">Includes bibliographical references (pages 192-199).</subfield>
        </datafield>
        <datafield tag="600" ind1="1" ind2="0">
            <subfield code="a">Tolkien, J. R. R.</subfield>
            <subfield code="q">(John Ronald Reuel),</subfield>
            <subfield code="d">1892-1973</subfield>
            <subfield code="x">Criticism and interpretation.</subfield>
        </datafield>
        <datafield tag="600" ind1="1" ind2="0">
            <subfield code="a">Tolkien, J. R. R.</subfield>
            <subfield code="q">(John Ronald Reuel),</subfield>
            <subfield code="d">1892-1973</subfield>
            <subfield code="x">Characters.</subfield>
        </datafield>
        <datafield tag="650" ind1=" " ind2="0">
            <subfield code="a">Friendship in literature.</subfield>
        </datafield>
        <datafield tag="650" ind1=" " ind2="0">
            <subfield code="a">Friendship in motion pictures.</subfield>
        </datafield>
        <datafield tag="650" ind1=" " ind2="0">
            <subfield code="a">Friendship.</subfield>
        </datafield>
        <datafield tag="700" ind1="1" ind2=" ">
            <subfield code="a">Boheme, Eduardo,</subfield>
            <subfield code="e">translator.</subfield>
            <subfield code="1">https://isni.org/isni/0000000511409458</subfield>
        </datafield>
        <datafield tag="852" ind1="8" ind2=" ">
            <subfield code="a">UkOxU</subfield>
            <subfield code="b">BODBL</subfield>
            <subfield code="h">Week 49 (22)</subfield>
        </datafield>
    </record>