
    <record>
        <leader>00671nam a2200205ui 4500</leader>
        <controlfield tag="001">023243391</controlfield>
        <controlfield tag="003">UkOxU</controlfield>
        <controlfield tag="005">20230109092408.0</controlfield>
        <controlfield tag="008">221219s2022    enk|||| |    |||| ||eng d</controlfield>
        <datafield tag="020" ind1=" " ind2=" ">
            <subfield code="a">9781839065118 (hbk.)</subfield>
        </datafield>
        <datafield tag="035" ind1=" " ind2=" ">
            <subfield code="a">(StEdALDL)1/4226325</subfield>
        </datafield>
        <datafield tag="040" ind1=" " ind2=" ">
            <subfield code="a">StEdALDL</subfield>
            <subfield code="b">eng</subfield>
            <subfield code="e">rda</subfield>
            <subfield code="c">StEdALDL</subfield>
            <subfield code="d">UkOxU</subfield>
        </datafield>
        <datafield tag="049" ind1=" " ind2=" ">
            <subfield code="a">CROBAR</subfield>
        </datafield>
        <datafield tag="245" ind1="0" ind2="0">
            <subfield code="a">Middle Earth :</subfield>
            <subfield code="b">strategy battle game.</subfield>
        </datafield>
        <datafield tag="246" ind1="1" ind2="4">
            <subfield code="a">Middle Earth :</subfield>
            <subfield code="b">strategy battle game.</subfield>
            <subfield code="p">Rules manual.</subfield>
            <subfield code="p">The Hobbit and The Lord of the rings</subfield>
        </datafield>
        <datafield tag="264" ind1=" " ind2="1">
            <subfield code="a">Nottingham :</subfield>
            <subfield code="b">Games Workshop Limited,</subfield>
            <subfield code="c">2022.</subfield>
        </datafield>
        <datafield tag="336" ind1=" " ind2=" ">
            <subfield code="a">text</subfield>
            <subfield code="2">rdacontent</subfield>
        </datafield>
        <datafield tag="337" ind1=" " ind2=" ">
            <subfield code="a">unmediated</subfield>
            <subfield code="2">rdamedia</subfield>
        </datafield>
        <datafield tag="338" ind1=" " ind2=" ">
            <subfield code="a">volume</subfield>
            <subfield code="2">rdacarrier</subfield>
        </datafield>
        <datafield tag="852" ind1="8" ind2=" ">
            <subfield code="a">UkOxU</subfield>
            <subfield code="b">BODBL</subfield>
            <subfield code="h">SCP XWeek 01 (23)</subfield>
        </datafield>
    </record>