
    <record>
        <leader>03086cam a2200577 i 4500</leader>
        <controlfield tag="001">023335161</controlfield>
        <controlfield tag="003">UkOxU</controlfield>
        <controlfield tag="005">20230420135255.0</controlfield>
        <controlfield tag="008">230420s2001    ch abf        000 1 chi d</controlfield>
        <datafield tag="020" ind1=" " ind2=" ">
            <subfield code="a">9570823372</subfield>
            <subfield code="q">paperback</subfield>
        </datafield>
        <datafield tag="020" ind1=" " ind2=" ">
            <subfield code="a">9789570823370</subfield>
            <subfield code="q">paperback</subfield>
        </datafield>
        <datafield tag="035" ind1=" " ind2=" ">
            <subfield code="a">(OCoLC)49631963</subfield>
        </datafield>
        <datafield tag="040" ind1=" " ind2=" ">
            <subfield code="a">SFR</subfield>
            <subfield code="b">eng</subfield>
            <subfield code="e">rda</subfield>
            <subfield code="c">SFR</subfield>
            <subfield code="d">NTG</subfield>
            <subfield code="d">OCLCQ</subfield>
            <subfield code="d">MCCPP</subfield>
            <subfield code="d">OCLCG</subfield>
            <subfield code="d">AU@</subfield>
            <subfield code="d">OCLCA</subfield>
            <subfield code="d">OCLCQ</subfield>
            <subfield code="d">OCLCO</subfield>
            <subfield code="d">OCLCF</subfield>
            <subfield code="d">BRL</subfield>
            <subfield code="d">HCO</subfield>
            <subfield code="d">OCLCO</subfield>
            <subfield code="d">OCL</subfield>
            <subfield code="d">OCLCA</subfield>
            <subfield code="d">OCLCO</subfield>
            <subfield code="d">OCLCQ</subfield>
            <subfield code="d">UkOxU</subfield>
        </datafield>
        <datafield tag="041" ind1="1" ind2=" ">
            <subfield code="a">chi</subfield>
            <subfield code="h">eng</subfield>
        </datafield>
        <datafield tag="100" ind1="1" ind2=" ">
            <subfield code="a">Tolkien, J. R. R.</subfield>
            <subfield code="q">(John Ronald Reuel),</subfield>
            <subfield code="d">1892-1973,</subfield>
            <subfield code="e">author.</subfield>
        </datafield>
        <datafield tag="240" ind1="1" ind2="0">
            <subfield code="a">Two towers.</subfield>
            <subfield code="l">Chinese</subfield>
        </datafield>
        <datafield tag="245" ind1="1" ind2="0">
            <subfield code="6">880-01</subfield>
            <subfield code="a">Mo jie er bu qu :</subfield>
            <subfield code="b">shuang cheng qi mou = The two towers /</subfield>
            <subfield code="c">J.R.R. Tolkien zhu ; Alan Lee tu ; Zhu Xueheng yi.</subfield>
        </datafield>
        <datafield tag="246" ind1="3" ind2="0">
            <subfield code="6">880-02</subfield>
            <subfield code="a">Shuang cheng qi mou</subfield>
        </datafield>
        <datafield tag="246" ind1="3" ind2="1">
            <subfield code="a">Two towers</subfield>
        </datafield>
        <datafield tag="250" ind1=" " ind2=" ">
            <subfield code="6">880-03</subfield>
            <subfield code="a">Chu ban.</subfield>
        </datafield>
        <datafield tag="264" ind1=" " ind2="1">
            <subfield code="6">880-04</subfield>
            <subfield code="a">Taipei Shi :</subfield>
            <subfield code="b">Lian jing chu ban shi ye gong si,</subfield>
            <subfield code="c">2001.</subfield>
        </datafield>
        <datafield tag="264" ind1=" " ind2="4">
            <subfield code="c">©2001</subfield>
        </datafield>
        <datafield tag="300" ind1=" " ind2=" ">
            <subfield code="a">4, 465 pages, 20 unnumbered pages of plates :</subfield>
            <subfield code="b">illustrations (some colour), maps ;</subfield>
            <subfield code="c">21 cm</subfield>
        </datafield>
        <datafield tag="336" ind1=" " ind2=" ">
            <subfield code="a">text</subfield>
            <subfield code="2">rdacontent</subfield>
        </datafield>
        <datafield tag="337" ind1=" " ind2=" ">
            <subfield code="a">unmediated</subfield>
            <subfield code="2">rdamedia</subfield>
        </datafield>
        <datafield tag="338" ind1=" " ind2=" ">
            <subfield code="a">volume</subfield>
            <subfield code="2">rdacarrier</subfield>
        </datafield>
        <datafield tag="500" ind1=" " ind2=" ">
            <subfield code="a">Translation of: The two towers : being the second part of The lord of the rings.</subfield>
        </datafield>
        <datafield tag="520" ind1=" " ind2=" ">
            <subfield code="a">Frodo and his companions of the ring have been beset by danger during their quest to prevent the ruling ring from falling into the hands of the Dark Lord by destroying it in the Cracks of Doom. They lost the wizard Gandalf in a battle in the Mines of Moria, and Boromir, seduced by the power of the ring, tried to seize it by force. While Frodo and Sam made their escape, the rest of the company was attacked by Orcs. Now they continue the journey alone down th great River Anduin ... alone, that is, save for the mysterious creeping figure that follows wherever they go.</subfield>
        </datafield>
        <datafield tag="546" ind1=" " ind2=" ">
            <subfield code="a">Chinese translation from the original English.</subfield>
        </datafield>
        <datafield tag="600" ind1="1" ind2="0">
            <subfield code="a">Baggins, Frodo</subfield>
            <subfield code="v">Fiction.</subfield>
        </datafield>
        <datafield tag="650" ind1=" " ind2="0">
            <subfield code="a">Middle Earth (Imaginary place)</subfield>
            <subfield code="v">Fiction.</subfield>
        </datafield>
        <datafield tag="650" ind1=" " ind2="0">
            <subfield code="a">Fantasy fiction, English</subfield>
            <subfield code="v">Translations into Chinese.</subfield>
        </datafield>
        <datafield tag="650" ind1=" " ind2="6">
            <subfield code="a">Terre du Milieu (Lieu imaginaire)</subfield>
            <subfield code="v">Romans, nouvelles, etc.</subfield>
        </datafield>
        <datafield tag="650" ind1=" " ind2="7">
            <subfield code="a">Fantasy fiction, English.</subfield>
            <subfield code="2">fast</subfield>
            <subfield code="0">(OCoLC)fst00920756</subfield>
        </datafield>
        <datafield tag="650" ind1=" " ind2="7">
            <subfield code="a">Middle Earth (Imaginary place)</subfield>
            <subfield code="2">fast</subfield>
            <subfield code="0">(OCoLC)fst01020337</subfield>
        </datafield>
        <datafield tag="655" ind1=" " ind2="7">
            <subfield code="a">Fantasy fiction.</subfield>
            <subfield code="2">fast</subfield>
            <subfield code="0">(OCoLC)fst01726607</subfield>
        </datafield>
        <datafield tag="655" ind1=" " ind2="7">
            <subfield code="a">Epic fiction.</subfield>
            <subfield code="2">fast</subfield>
            <subfield code="0">(OCoLC)fst01921643</subfield>
        </datafield>
        <datafield tag="655" ind1=" " ind2="7">
            <subfield code="a">Fiction.</subfield>
            <subfield code="2">fast</subfield>
            <subfield code="0">(OCoLC)fst01423787</subfield>
        </datafield>
        <datafield tag="655" ind1=" " ind2="7">
            <subfield code="a">Fantasy fiction.</subfield>
            <subfield code="2">lcgft</subfield>
        </datafield>
        <datafield tag="655" ind1=" " ind2="7">
            <subfield code="a">Epic fiction.</subfield>
            <subfield code="2">lcgft</subfield>
        </datafield>
        <datafield tag="655" ind1=" " ind2="7">
            <subfield code="a">Romans épiques.</subfield>
            <subfield code="2">rvmgf</subfield>
        </datafield>
        <datafield tag="700" ind1="1" ind2=" ">
            <subfield code="6">880-05</subfield>
            <subfield code="a">Zhu, Xueheng,</subfield>
            <subfield code="e">translator.</subfield>
        </datafield>
        <datafield tag="700" ind1="1" ind2=" ">
            <subfield code="a">Tolkien, J. R. R.</subfield>
            <subfield code="q">(John Ronald Reuel),</subfield>
            <subfield code="d">1892-1973.</subfield>
            <subfield code="t">Lord of the rings.</subfield>
            <subfield code="l">Chinese.</subfield>
        </datafield>
        <datafield tag="700" ind1="1" ind2=" ">
            <subfield code="a">Lee, Alan,</subfield>
            <subfield code="e">illustrator.</subfield>
        </datafield>
        <datafield tag="740" ind1="0" ind2="2">
            <subfield code="a">Lord of the rings.</subfield>
        </datafield>
        <datafield tag="880" ind1="1" ind2="0">
            <subfield code="6">245-01</subfield>
            <subfield code="a">魔戒二部曲 :</subfield>
            <subfield code="b">雙城奇謀 = The two towers /</subfield>
            <subfield code="c">J.R.R. Tolkien著 ; Alan Lee圖 ; 朱學恆譯.</subfield>
        </datafield>
        <datafield tag="880" ind1="3" ind2="0">
            <subfield code="6">246-02</subfield>
            <subfield code="a">雙城奇謀</subfield>
        </datafield>
        <datafield tag="880" ind1=" " ind2=" ">
            <subfield code="6">250-03</subfield>
            <subfield code="a">初版.</subfield>
        </datafield>
        <datafield tag="880" ind1=" " ind2="1">
            <subfield code="6">264-04</subfield>
            <subfield code="a">台北市 :</subfield>
            <subfield code="b">聯經出版事業公司,</subfield>
            <subfield code="c">2001.</subfield>
        </datafield>
        <datafield tag="880" ind1="1" ind2=" ">
            <subfield code="6">700-05</subfield>
            <subfield code="a">朱學恆,</subfield>
            <subfield code="e">translator.</subfield>
        </datafield>
        <datafield tag="852" ind1="8" ind2=" ">
            <subfield code="a">UkOxU</subfield>
            <subfield code="b">BODBL</subfield>
            <subfield code="h">Chin.e.51835</subfield>
        </datafield>
    </record>